3488 5250
651 349 738 408 Anno
761 346 851 425 1361.
875 381 918 390 -
940 362 990 424 23.
1006 349 1099 424 senii.

347 558 425 620 ltem
450 557 611 619 lohannes
642 571 743 620 sartor
774 572 884 620 contra
916 559 1055 620 eundem
1084 556 1263 618 Obramum
1296 556 1438 618 secundo
1463 557 1505 618 ci-

239 679 324 727 tatus
349 683 414 725 non
438 664 628 745 comparuit.

349 771 426 832 ltem
451 789 544 831 causa
569 789 632 850 que
656 769 789 831 vertitur
812 768 895 828 inter
912 766 1105 848 Gregorium
1131 783 1162 829 et
1185 767 1366 829 Janslinum
1390 768 1505 850 Crupi-

239 877 331 939 chich
356 877 397 938 ad
421 890 494 937 octo
519 875 587 937 dies
611 875 651 936 ad
675 894 786 956 pacem
810 887 858 935 est
879 887 1061 956 prorogata.

347 1000 425 1061 ltem
450 999 607 1060 Martinus
636 1012 726 1060 sutor
757 1011 867 1059 contra
900 996 1133 1077 Margaretham
1165 997 1269 1078 primo
1302 996 1415 1057 citatus
1439 1015 1505 1057 non

239 1105 431 1188 comparuit.

346 1211 424 1274 ltem
449 1223 564 1272 octavo
588 1210 641 1273 die
665 1211 802 1271 lacobus
826 1211 901 1271 Kun
919 1224 1028 1271 contra
1052 1227 1184 1271 uxorem
1209 1209 1307 1270 lunas
1331 1228 1387 1290 per
1403 1208 1507 1270 Pauer

239 1330 271 1378 et
295 1316 364 1378 eius
382 1336 513 1377 uxorem
539 1329 570 1377 et
585 1314 761 1395 Nagonkol
781 1334 876 1397 super
892 1315 1058 1397 vituperiis
1081 1315 1187 1376 uxoris
1203 1334 1258 1375 sue
1283 1314 1503 1376 testimonium

237 1422 417 1505 producere
442 1421 547 1483 debet.

345 1527 422 1589 Item
459 1528 569 1588 Maren
594 1525 759 1588 Korosech
791 1540 916 1588 tenetur
944 1526 1067 1587 solvere
1099 1544 1200 1606 usque
1232 1525 1412 1606 quindenas
1436 1524 1503 1585 Juri

240 1633 327 1694 Zitar
351 1633 390 1694 lll
415 1652 529 1714 pensas
554 1647 583 1693 et
607 1633 636 1693 X
664 1631 823 1694 denarios.

347 1739 425 1799 Item
449 1739 524 1800 licet
555 1738 673 1799 Paulus
704 1736 845 1798 famulus
876 1736 1056 1799 Cussilonis
1085 1736 1231 1818 Dragech
1263 1751 1404 1798 sutorem
1428 1735 1504 1797 cita-

240 1845 331 1922 verit,
355 1858 462 1905 tamen
487 1863 552 1905 non
576 1844 663 1905 venit
686 1863 744 1905 nec
768 1843 855 1905 misit
878 1842 918 1904 ad
943 1842 1103 1924 agendum
1136 1856 1245 1903 contra
1270 1842 1385 1923 ipsum.

346 1950 424 2012 Item
450 1950 575 2011 Malech
601 1963 631 2011 et
654 1969 733 2011 uxor
750 1948 887 2010 laucech
912 1962 1021 2010 contra
1039 1947 1230 2010 Michaelen
1247 1947 1389 2009 secundo
1413 1947 1500 2009 'citati

240 2076 305 2118 non
331 2070 589 2137 comparuerunt.

342 2161 419 2223 Item
434 2160 610 2242 Gregorius
626 2175 735 2223 contra
749 2160 969 2222 Puchochium
983 2160 1088 2242 primo
1101 2161 1214 2222 citatus
1227 2179 1292 2220 non
1310 2159 1498 2241 comparuit.

342 2284 419 2345 ltem
443 2299 558 2346 octavo
583 2284 635 2346 die
660 2283 821 2345 lohannes
845 2283 991 2366 larycha,
1020 2283 1137 2345 Mnhna
1161 2298 1192 2345 et
1216 2282 1340 2344 Blasius
1363 2281 1500 2363 quilibet

236 2389 380 2470 ipsorum
405 2403 470 2451 met
492 2389 608 2450 tercius
640 2404 749 2451 contra
781 2390 849 2449 Kus
877 2389 909 2450 in
940 2390 1175 2451 substraccione
1209 2403 1367 2450 certarum
1390 2406 1496 2449 rerum

234 2495 397 2557 mediante
421 2495 601 2577 juramento
628 2515 661 2556 se
693 2515 869 2577 expurgare
901 2510 1059 2575 tenentur,
1084 2511 1115 2559 et
1147 2511 1317 2578 postquam
1343 2515 1498 2577 expurga·

235 2601 339 2662 verint
363 2601 553 2682 procedetur
577 2601 711 2663 ulterius
735 2601 767 2662 in
792 2600 875 2663 facto
900 2602 979 2683 quid
1003 2601 1098 2665 fuerit
1122 2601 1316 2665 faciendum.

234 2838 328 2922 Nota,
358 2839 445 2927 quod
474 2839 559 2910 feria
587 2846 687 2909 sexta
715 2841 870 2927 proxima
902 2850 977 2928 post
1006 2839 1129 2911 festum
1157 2839 1334 2911 beatorum
1368 2835 1505 2911 Fabiani

638 2969 672 3033 et
698 2961 888 3033 sebastiani
917 2964 1109 3034 martirum.

741 3142 804 3208 (22.
826 3132 987 3208 Jonuarir).

339 3289 447 3350 Primo
473 3289 628 3350 Salomon
653 3303 763 3349 contra
788 3288 936 3349 Radcech
964 3288 1162 3351 sacerdotem
1197 3288 1237 3351 ad
1261 3303 1334 3350 octo
1359 3288 1427 3351 dies
1451 3310 1499 3351 re-

233 3395 317 3475 cepit
340 3395 513 3456 terminum
538 3394 578 3456 ad
603 3393 876 3475 respondendum.

338 3500 414 3561 ltem
440 3501 531 3561 Drisa
556 3514 666 3561 contra
690 3519 822 3562 uxorem
848 3499 1014 3562 Michaelis
1037 3500 1094 3562 lilii
1120 3501 1164 3564 St.
1194 3499 1305 3561 Kuche
1330 3500 1435 3582 primo
1452 3501 1494 3561 ci-

229 3618 315 3666 tatus
343 3624 407 3667 non
432 3607 621 3687 comparuit.

342 3711 418 3772 ltem
443 3711 518 3772 luan
551 3712 654 3773 dictus
677 3711 848 3793 Vgrincich
874 3733 975 3794 usque
1007 3712 1187 3794 quindenas
1217 3726 1343 3775 tenetur
1374 3712 1498 3774 solvere

231 3815 381 3877 Radcech
411 3817 567 3878 sacerdoti
592 3837 693 3878 unum
717 3816 876 3879 florenum
900 3838 996 3900 super
1026 3837 1092 3899 quo
1124 3820 1288 3880 convictus
1311 3832 1358 3880 est
1388 3831 1497 3879 contra

231 3920 334 4001 ipsum
352 3940 408 4001 per
432 3922 659 3983 atestacionern
683 3922 759 3983 luan
785 3922 865 3984 Beli.

338 4027 416 4088 ltem
442 4026 617 4107 Gregorius
641 4026 736 4088 frater
759 4028 834 4089 laxe
859 4043 968 4091 contra
1000 4030 1129 4091 Petrum
1160 4031 1265 4112 primo
1294 4030 1406 4091 citatus
1430 4048 1495 4090 non

230 4132 422 4212 comparuit.

333 4236 410 4298 Item
444 4238 596 4299 Nicolaus
635 4238 783 4300 Todcam
819 4253 929 4301 contra
965 4241 1136 4303 Nicolaum
1173 4260 1328 4322 generum
1367 4240 1489 4302 Malech

228 4342 332 4422 primo
357 4343 470 4405 citatus
493 4364 558 4405 non
582 4345 770 4426 comparuit.

335 4448 411 4510 ltem
437 4449 613 4531 Gregurich
645 4465 754 4513 contra
787 4451 1005 4513 Puchochium
1034 4453 1184 4514 Latinum
1216 4453 1358 4515 secundo
1384 4454 1480 4516 citatu

228 4572 293 4614 non
317 4556 505 4636 comparuit.

332 4678 411 4740 Item
437 4698 530 4740 causa
555 4699 619 4761 que
643 4679 775 4741 vertitur
799 4680 881 4742 inter
905 4680 1103 4762 Stephanum
1137 4681 1239 4743 filium
1264 4683 1432 4744 Mortonos
1456 4694 1488 4744 et

227 4781 410 4865 Dragonam
435 4805 491 4867 per
513 4799 608 4847 testes
631 4785 671 4847 ad
695 4799 769 4848 octo
793 4785 861 4847 dies
885 4800 930 4847 est
953 4801 1133 4868 prorogata.
