3488 5250
599 325 685 383 Anno
709 321 801 400 1356.
825 356 868 367 -
892 333 939 397 15.
963 320 1081 396 aprilis.
1439 338 1481 401 47

325 536 402 596 Item
415 549 478 596 tres
494 534 587 616 jurati
604 532 682 596 feria
698 532 795 594 tercia
812 531 930 595 debent
946 532 1124 614 producere
1134 531 1354 593 testimonium
1373 544 1483 593 contra

219 644 258 705 N.
283 639 479 703 aurifabrum
503 660 599 722 super
623 637 706 702 facto
732 639 891 721 vituperii.

325 748 402 809 item
420 746 586 827 Odriboga
604 760 713 809 contra
731 746 838 806 Patres
853 743 1073 806 testimonium
1092 742 1268 824 producere
1286 762 1351 804 non
1368 743 1482 824 potuit.

325 853 403 915 Item
437 851 654 914 Lancholotus
686 849 763 913 feria
794 851 890 913 tercia
922 850 1017 911 debet
1055 849 1232 932 producere
1263 848 1483 911 testimonium

219 973 328 1020 contra
354 958 553 1020 Demetrium
578 971 608 1019 et
632 956 713 1020 facta
737 957 933 1039 probacione
958 955 1115 1038 justiciam
1139 953 1302 1017 faciemus.

326 1064 403 1126 item
428 1064 543 1124 Anslin
567 1077 668 1125 sartor
685 1063 725 1125 ad
742 1075 927 1146 preceptum
948 1061 1063 1144 judicis
1080 1074 1189 1124 contra
1205 1058 1289 1124 Iwan
1314 1081 1380 1123 non
1397 1061 1484 1123 venit

220 1189 278 1232 nec
303 1171 399 1232 misit.

326 1275 403 1337 item
436 1274 520 1336 filius
553 1276 767 1337 Makkochren
811 1289 920 1338 contra
964 1275 1092 1358 Eadrey
1134 1275 1234 1337 tercio
1270 1274 1382 1336 citatus
1417 1291 1482 1334 non

221 1381 410 1463 comparuit.

327 1487 405 1549 Item
431 1485 518 1548 Otho
551 1499 660 1547 contra
685 1487 799 1568 Artuig
835 1501 869 1550 ut
904 1502 991 1553 actor
1015 1507 1079 1550 non
1115 1491 1202 1549 venit
1234 1485 1273 1548 ad
1306 1483 1485 1547 faciendam

221 1594 398 1656 accionem.

329 1699 407 1761 Item
432 1697 472 1761 G.
497 1699 620 1760 Ztaune
644 1712 752 1760 contra
777 1699 969 1761 Michaelem
994 1712 1029 1760 ut
1059 1713 1146 1762 actor
1170 1718 1234 1761 non
1266 1701 1354 1762 venit
1377 1699 1417 1761 ad
1441 1697 1485 1759 f·

223 1804 370 1866 ciendam
394 1805 568 1867 accionem.

326 1910 422 1989 Nota,
446 1909 534 1992 quod
559 1911 692 1973 sabbato
708 1911 856 1992 proximo
873 1925 946 1973 ante
975 1926 1103 1975 octavas
1119 1912 1216 1974 Pasce
1239 1910 1363 1973 domiai
1381 1925 1486 1972 custos

222 2016 354 2079 fratrum
380 2019 543 2080 minorum
568 2030 599 2079 et
623 2015 718 2079 frater
743 2016 924 2100 Stephanus
948 2019 1092 2100 requisiti
1109 2018 1150 2080 de
1174 2018 1257 2080 facto
1272 2017 1410 2092 Martini,
1427 2015 1484 2078 filii

221 2123 377 2185 Anthonii
402 2136 433 2185 et
456 2123 598 2204 magistri
622 2122 739 2205 Philipi
764 2123 818 2185 tali
843 2123 942 2187 modo
964 2123 1125 2186 testifatati
1156 2136 1230 2185 sunt
1253 2142 1309 2205 per
1333 2122 1414 2183 duos
1437 2120 1484 2202 ju·

222 2243 307 2291 ratos
331 2228 479 2291 videlicet
504 2230 647 2291 Marcum
680 2243 710 2290 et
743 2229 881 2309 Kusech,
913 2232 1000 2312 quod
1033 2231 1085 2293 die
1111 2231 1165 2292 illa
1190 2249 1253 2311 qua
1284 2227 1345 2290 fuit
1376 2227 1485 2290 civitas

220 2335 366 2417 spoliata,
398 2335 548 2416 magister
582 2334 727 2417 Philipus
763 2334 872 2398 fuisset
908 2355 1037 2417 prorsus
1072 2356 1145 2399 cum
1177 2334 1253 2418 ipsis
1277 2333 1426 2396 fratribus
1451 2333 1482 2395 in

223 2440 371 2520 claustro,
396 2454 426 2503 et
450 2454 559 2523 postea
584 2441 683 2503 tercio
707 2440 758 2502 die
795 2439 920 2504 fecisset
943 2457 1069 2525 portare
1094 2442 1158 2505 duo
1183 2442 1316 2525 tapecia,
1341 2459 1403 2523 que
1437 2439 1484 2501 di·

221 2547 317 2608 xisset
340 2567 373 2608 se
397 2547 510 2608 emisse
545 2567 562 2609 a
598 2547 741 2629 quodam
765 2549 928 2610 teotonico
952 2550 1108 2628 litterato,
1139 2547 1194 2610 sed
1229 2549 1319 2610 cuius
1351 2545 1485 2608 fuissent

223 2653 368 2731 nesciret,
393 2672 491 2734 quare
523 2673 651 2714 causam
682 2669 895 2735 prorogarunt
927 2655 966 2716 ad
999 2652 1111 2717 feriam
1142 2654 1272 2716 terciam
1306 2653 1485 2735 proximam

222 2773 293 2839 post
317 2759 497 2840 quindenas
521 2760 617 2820 Pasce
636 2759 771 2839 domini,
796 2773 826 2821 et
852 2760 891 2822 ad
909 2761 1043 2823 eandem
1069 2759 1389 2822 diemtestimonium
1405 2758 1487 2819 inter

223 2883 277 2927 eos
301 2863 369 2925 fieri
393 2865 514 2927 debens
538 2885 594 2946 per
618 2865 747 2927 Petrum
781 2865 921 2948 judicem
953 2881 984 2929 et
1009 2866 1167 2928 Gerinum
1199 2879 1245 2928 est
1268 2878 1485 2947 prorogatum.

330 2972 424 3050 Nota,
461 2991 519 3052 pro
555 2971 700 3033 iohanne
736 2972 927 3035 stationario
963 2986 1036 3034 sunt
1071 2972 1273 3034 fideiussores
1296 2970 1393 3052 judici
1428 2988 1487 3050 pro

225 3076 459 3158 quinquaginta
483 3077 608 3154 marcis,
633 3077 721 3158 quod
746 3077 812 3159 ipse
837 3078 979 3140 inveniet
995 3078 1194 3140 voluntatem
1218 3076 1342 3159 judicia,
1359 3076 1484 3158 primo:

224 3181 269 3245 St.
293 3182 431 3245 condam
455 3182 562 3263 judex,
584 3182 720 3265 Mykech
745 3182 829 3244 filius
854 3183 1009 3263 Francha,
1034 3185 1190 3246 Martinus
1215 3183 1349 3245 institor.

327 3288 422 3367 Nota,
447 3289 535 3370 quod
560 3288 637 3349 feria
662 3301 748 3350 sexta
772 3289 917 3370 proxima
948 3303 1019 3371 post
1043 3290 1223 3370 quindenas
1247 3288 1355 3367 Pasce,
1379 3287 1484 3368 primo

223 3413 314 3455 causa
340 3394 504 3473 Marcium,
528 3395 609 3455 Juan
642 3408 672 3455 et
696 3395 834 3456 aliorum
859 3395 899 3456 de
925 3396 995 3457 vico
1026 3396 1282 3458 Teotonicorum
1306 3407 1352 3456 est
1374 3412 1486 3476 proro-

222 3512 295 3581 gata
320 3499 360 3560 de
384 3499 467 3562 facto
491 3519 682 3562 conreorum
706 3501 747 3563 ad
771 3513 844 3562 octo
869 3502 947 3564 dies.

327 3605 405 3667 item
430 3606 546 3687 Magda
571 3605 687 3668 mulier
703 3606 744 3666 ad
768 3620 840 3668 octo
858 3607 926 3669 dies
942 3608 1037 3670 debet
1061 3609 1237 3691 producere
1261 3606 1487 3669 testimonium

223 3726 332 3773 contra
358 3712 533 3773 Sorconem
558 3713 589 3773 in
612 3712 764 3794 Capitulo
788 3728 1041 3776 commorantem
1060 3714 1191 3778 infacto
1216 3711 1429 3796 percussionis
1453 3724 1488 3772 et

223 3838 357 3880 uxorem
383 3819 481 3879 Junas
505 3834 535 3880 et
559 3818 658 3880 filiam
682 3820 860 3883 venatricis.

329 3924 407 3985 Item
432 3943 525 3985 causa
550 3925 678 3986 Martini
703 3940 734 3986 et
762 3927 904 4007 magistri
929 3926 1047 4009 Philipi
1080 3941 1126 3989 est
1150 3939 1320 4009 prorogata
1354 3927 1394 3988 ad
1425 3939 1486 3988 ter·

223 4029 305 4091 ciam
331 4029 442 4091 feriam
467 4042 498 4091 et
521 4031 623 4092 eciam
647 4050 761 4093 omnes
784 4032 846 4093 alie
870 4053 975 4098 cause.

330 4135 407 4197 Item
432 4136 540 4198 Petres
563 4149 664 4198 sartor
695 4153 804 4199 contra
836 4137 875 4201 G.
914 4138 1110 4201 aurifabrum
1147 4140 1251 4221 primo
1276 4140 1389 4200 citatus
1423 4157 1488 4199 non

224 4241 413 4323 comparuit.

330 4347 407 4408 Item
443 4346 551 4409 Petras
585 4348 684 4408 Towt
717 4349 823 4431 primo
855 4350 968 4412 citatus
1012 4365 1121 4412 contra
1167 4351 1198 4412 S.
1234 4364 1388 4412 sartorem
1423 4368 1488 4411 non

225 4453 414 4533 comparuit.

330 4559 407 4620 item
431 4556 496 4619 filia
522 4557 596 4619 God
617 4574 726 4620 contra
745 4561 926 4622 Palatinum
940 4582 1005 4624 non
1031 4562 1210 4644 comparuit
1226 4560 1368 4623 secundo
1385 4561 1488 4622 citata.

330 4665 408 4726 Item
445 4662 575 4726 Cusucfr
610 4665 748 4746 piscator
781 4681 890 4729 contra
926 4668 1097 4730 Nicolaum
1132 4668 1237 4750 primo
1275 4667 1387 4728 citatus
1424 4684 1489 4727 non

227 4771 415 4853 comparuit.
