3488 5250
292 352 352 430 134
672 350 757 406 Anno
779 359 869 425 1359.
896 381 936 391 -
959 361 1008 425 13.
1039 350 1166 422 augusti.

392 558 470 621 Item
504 559 614 620 Mareu
645 571 755 619 contra
786 557 942 620 Jacobum
974 556 1125 619 Zirothka
1160 556 1302 620 secundo
1337 557 1451 620 citatus
1482 576 1549 618 noo

223 663 234 688 “
287 664 477 746 comparuit.
1494 642 1496 647 ,

392 768 470 831 Item
502 770 528 830 si
560 767 779 832 Lancholotus
809 781 923 831 octavo
955 767 1007 829 die
1035 766 1076 829 ad
1105 765 1203 830 fidem
1234 767 1367 851 recipiet
1396 768 1484 850 quod
1509 768 1550 829 de

286 876 431 959 quinque
455 875 584 937 florenis
607 892 625 937 a
650 874 721 937 Elia
737 893 836 959 parvo
860 873 959 936 nichil
976 874 1106 955 recepit,
1129 886 1205 935 tunc
1229 872 1296 955 ipse
1314 873 1401 935 Elias
1423 872 1550 937 solvere

286 983 447 1044 tenebitur
471 981 588 1044 eidem.

303 1120 306 1125 ·
392 1087 476 1151 Item·
501 1106 594 1149 causa
627 1106 690 1169 que
721 1086 855 1148 vertitur
886 1085 969 1148 inter
999 1086 1155 1147 Iacobum
1189 1085 1261 1147 Kun
1294 1098 1325 1148 et
1357 1084 1549 1148 Michaelem

287 1189 388 1256 Saffar
407 1192 451 1254 ad
475 1205 549 1254 octo
573 1191 641 1253 dies
664 1203 712 1253 eat
734 1205 916 1273 prorogata.

392 1298 470 1379 Item
494 1311 608 1381 octavo
633 1298 686 1359 die
709 1316 789 1359 uxor
813 1296 926 1359 Friche
951 1312 1060 1359 contra
1077 1298 1262 1380 Philippum
1280 1295 1459 1391 carnificem
1483 1310 1551 1359 met
1648 1357 1656 1373 ,

285 1403 426 1466 secunda
449 1403 552 1483 jurare
577 1401 682 1468 debet.

393 1511 470 1571 Item
495 1508 632 1570 Michael
658 1508 785 1571 lectoris
809 1522 920 1574 contra
943 1528 1076 1570 uxorem
1093 1508 1252 1570 Janchech
1276 1508 1418 1570 secundo
1436 1508 1551 1571 citatus

287 1634 353 1677 non
378 1615 566 1697 comparuit.

394 1716 471 1783 Item
503 1720 612 1783 relicta
645 1719 823 1782 Martinkus
853 1732 962 1781 contra
994 1719 1130 1800 Artuigh
1162 1719 1202 1781 ad
1234 1733 1307 1782 octo
1338 1719 1407 1781 dies
1430 1719 1550 1801 recepit

287 1828 460 1890 termInum
485 1822 526 1888 ad
550 1825 821 1908 respondendum.

391 1932 470 1996 Item
496 1931 571 1994 Iuan
597 1931 803 1993 Podchebina
828 1944 936 1992 contra
961 1929 1035 1991 Kun
1060 1929 1203 1991 secundo
1234 1930 1347 1991 citatus
1370 1950 1436 1991 non
1461 1949 1549 1992 com·

285 2054 401 2123 paruit.

392 2145 470 2206 Item
494 2143 579 2206 filius
603 2141 757 2206 Johannis
782 2154 890 2204 contra
914 2141 1078 2203 Andream
1101 2141 1206 2223 primo
1234 2141 1347 2203 citatus
1370 2161 1436 2204 non
1461 2161 1548 2204 com·

307 2264 401 2314 aruit.

284 2272 305 2335 p
393 2357 471 2419 Item
503 2355 597 2416 Iunas
628 2365 737 2415 contra
768 2356 897 2414 Annam
930 2365 1112 2414 consortem
1144 2352 1298 2413 Demetrii
1331 2352 1472 2414 secundo
1504 2353 1549 2414 ci·

285 2476 369 2525 tatus
392 2481 457 2524 non
482 2460 672 2542 comparuit.

392 2569 470 2628 Item
495 2585 589 2627 causa
612 2584 675 2647 que
692 2564 826 2626 vertitur
841 2563 923 2625 inter
948 2562 1062 2624 Jamko
1078 2563 1296 2645 apotecarium
1322 2577 1352 2625 et
1376 2563 1547 2626 Nicolaum

285 2688 440 2737 sartorem
464 2672 504 2733 ad
529 2684 602 2734 octo
626 2670 695 2731 dies
719 2683 765 2732 est
788 2682 968 2752 prorogata.

392 2779 470 2841 Item
495 2798 589 2840 causa
613 2777 722 2838 Jacobi
747 2776 876 2838 litterati
901 2775 941 2837 ad
965 2789 1038 2838 octo
1063 2777 1130 2838 dies
1154 2789 1201 2838 est
1223 2779 1403 2859 prorogata.

326 2999 446 3072 TercIa
475 2998 560 3070 seria
585 2999 738 3086 proxima
768 3003 843 3084 post
871 2995 992 3066 festum
1019 2995 1109 3066 beati
1138 2996 1312 3067 Laurencii
1340 2998 1506 3068 martirIs.

807 3149 868 3224 (13.
891 3146 1029 3220 augusti).
1431 3097 1433 3102 λ

392 3308 500 3369 Primo
524 3305 714 3367 Valentinus
737 3303 884 3366 sacerdos
908 3316 1017 3366 contra
1041 3302 1220 3366 iohannem
1246 3304 1423 3367 Barbacum
1440 3305 1549 3387 primo

285 3416 398 3478 citatus
420 3432 486 3474 non
515 3410 703 3492 comparuit.

390 3519 468 3580 Item
493 3517 645 3579 Nicolaus
668 3515 752 3577 filius
777 3515 880 3596 Bolog
904 3529 1012 3578 contra
1045 3516 1185 3578 eundem
1210 3517 1236 3579 J.
1268 3517 1410 3579 secundo
1434 3518 1549 3580 citatus

285 3644 351 3687 non
376 3622 566 3705 comparuit.
1540 3705 1541 3708 Ἴ

390 3731 468 3791 Item
491 3728 569 3789 luan
599 3746 698 3808 gener
731 3726 866 3789 Mathias
899 3740 1008 3790 contra
1042 3728 1210 3791 Nicolaum
1236 3729 1276 3790 ad
1308 3742 1381 3791 octo
1404 3730 1473 3792 dies
1497 3750 1547 3791 re·

284 3827 368 3919 cepit
391 3834 564 3897 terminum
588 3832 629 3895 ad
652 3833 925 3915 respondendum.

391 3941 468 4002 Item
492 3958 572 4001 uxor
595 3938 718 4000 Videch
734 3951 844 4000 contra
861 3939 1023 4022 Kyrinum>
1042 3940 1146 4021 primo
1162 3927 1256 4001 citata
1272 3960 1338 4002 non
1355 3942 1545 4024 comparuit.

391 4046 469 4107 Item
500 4043 656 4106 Wlkotha
680 4044 816 4128 Pthycar
847 4058 958 4107 contra
989 4045 1169 4107 Iohannem
1193 4046 1372 4108 Barbacum
1404 4049 1548 4110 secundo

284 4153 397 4215 citatus
420 4172 485 4214 non
513 4152 702 4234 comparuit.
1061 4148 1063 4155 ’

390 4258 513 4319 Relicta
534 4256 731 4336 Peterkonis‚
748 4254 868 4336 Grdak‚
894 4257 1022 4338 Sugaua
1038 4272 1070 4319 et
1087 4257 1165 4319 Wlk
1188 4255 1427 4321 fideiubuerunt
1443 4280 1544 4344 usque

285 4364 396 4427 feriam
428 4377 547 4426 sextam
579 4383 638 4446 pro
670 4363 814 4426 Francha
846 4364 900 4443 ita,
935 4364 961 4425 si
996 4363 1063 4447 ipse
1087 4363 1230 4427 Francha
1261 4365 1450 4428 adversariis
1480 4367 1546 4428 suis

284 4469 407 4553 aliquid
431 4469 546 4551 injurie
570 4468 690 4549 fecerit,
714 4470 774 4552 ipsi
798 4468 1001 4531 fideiussores
1024 4471 1273 4552 respondebunt.

390 4576 467 4637 Item
494 4576 605 4638 Maren
630 4576 725 4638 Zolar
748 4589 858 4637 contra
883 4575 929 4638 St.
956 4575 1098 4637 secundo
1130 4575 1242 4638 citatus
1265 4596 1330 4638 non
1355 4576 1543 4663 comparuit.

389 4679 468 4741 Item
492 4681 610 4743 Paulus
633 4679 717 4743 filius
747 4681 831 4743 Petri
856 4695 966 4744 contra
990 4681 1136 4744 Cernech
1166 4682 1308 4744 secundo
1333 4680 1446 4744 citatus
1478 4676 1545 4744 not‘r

285 4784 474 4868 comparuit.
