3488 5250
598 348 686 406 Anno
709 345 798 423 1362.
825 381 866 390 -
891 362 939 409 12.
963 349 1090 422 augusti.
1418 363 1457 404 22
1464 365 1478 424 5

322 557 400 617 Item
424 555 510 617 idem
536 556 655 618 Micula
679 555 795 617 eodem
820 556 873 619 die
898 571 1007 619 contra
1033 555 1297 619 Bartholomeum
1320 575 1353 616 se
1377 568 1484 617 sextus

216 662 333 742 jurabit
357 661 446 744 quod
470 662 597 724 nullum
614 663 674 723 sibi
700 662 878 745 dampnum
896 664 1077 726 intullisset.
1095 663 1182 723 Pena
1200 663 1286 723 enim
1311 675 1357 724 est
1379 662 1483 744 posita

216 768 301 829 inter
325 767 421 849 ipsos,
447 768 591 849 quinque
616 787 794 829 marcarum
820 788 879 850 pro
903 783 991 851 parte
1017 768 1235 831 Bartholomei
1258 782 1290 831 et
1312 788 1371 851 pro
1394 781 1483 850 parte

217 873 335 935 Micule
359 874 542 935 membrum
566 893 679 951 unum,
698 874 723 935 si
742 893 814 955 pars
837 887 960 957 partem
985 877 1084 936 verbo
1108 874 1285 936 offenderet
1299 874 1366 935 slve
1389 872 1483 937 facto.

321 997 401 1059 Item
425 996 555 1079 Lucych
579 1009 689 1059 contra
712 997 877 1058 Andream
902 998 1043 1060 secundo
1069 998 1182 1060 citatus
1205 1016 1270 1058 non
1292 998 1482 1079 comparuit.

324 1103 399 1165 Item
426 1123 520 1166 causa
542 1122 604 1185 que
628 1103 761 1164 vertitur
778 1104 861 1166 inter
878 1104 982 1186 ipsum
1000 1104 1164 1166 Andream
1189 1118 1219 1166 et
1235 1105 1379 1165 relictam
1393 1104 1483 1165 Pauli

217 1209 329 1271 estad
354 1223 427 1272 octo
452 1209 521 1271 dies
544 1209 584 1270 ad
608 1229 721 1292 pacem
745 1224 926 1292 prorogata.
1526 1293 1528 1296 .

323 1315 401 1377 Item
426 1336 520 1377 causa
544 1315 673 1377 Martini
698 1316 822 1398 Reyniz
847 1330 878 1378 et
902 1316 1010 1378 relicte
1036 1316 1119 1377 Petri
1150 1316 1189 1377 de
1215 1316 1328 1379 Scalen
1353 1329 1483 1398 propter

219 1421 406 1503 egroticiam
432 1422 531 1503 ipsius
555 1421 684 1483 Martini
709 1420 819 1483 estad
844 1420 1025 1503 quindenas
1047 1436 1229 1503 prorogata.

326 1527 404 1588 Item
429 1527 541 1589 Petrus
564 1526 603 1588 de
628 1526 761 1588 Rabucb
792 1540 902 1589 contra
926 1527 1002 1588 luan
1032 1527 1138 1609 primo
1162 1528 1275 1589 citatus
1307 1547 1372 1588 non
1397 1546 1484 1588 com·

217 1632 333 1714 paruit.

326 1738 405 1799 Item
421 1736 550 1820 Mathey
564 1750 673 1799 contra
685 1737 939 1800 Andreamtuler
948 1737 1282 1799 secundocitatusnon
1296 1738 1485 1819 comparuit.

325 1843 402 1905 Item
435 1844 516 1904 Kata
548 1857 657 1904 contra
690 1844 858 1905 Mortonos
894 1845 1076 1906 sellatorem
1108 1844 1250 1905 secundo
1288 1844 1383 1905 citata
1415 1862 1481 1904 non

219 1950 408 2032 comparuit.

326 2055 406 2116 Item
431 2054 508 2116 Iuan
538 2073 637 2134 gener
668 2054 804 2116 Mathius
837 2074 896 2137 pro
927 2055 1113 2116 verberibus
1145 2056 1177 2116 in
1201 2073 1334 2117 uxorem
1359 2053 1484 2116 Nicolai

218 2159 316 2222 illatis
340 2160 505 2221 convictus
529 2174 575 2222 est
598 2179 656 2241 pro
680 2173 769 2242 parte
801 2160 933 2221 adversa
964 2161 997 2221 in
1022 2159 1147 2222 duabus
1178 2161 1293 2222 marcis
1328 2172 1359 2221 et
1382 2158 1479 2239 judici

218 2266 250 2327 in
275 2264 393 2329 media.

323 2373 402 2434 Item
426 2371 574 2434 Andreas
597 2385 706 2433 contra
731 2372 861 2433 Petrum
879 2386 993 2434 octavo
1017 2371 1069 2433 die
1094 2393 1127 2433 se
1155 2372 1271 2433 tercius
1295 2371 1392 2434 debet
1416 2391 1485 2455 pre·

218 2492 301 2540 stare
325 2477 551 2558 juramentum.

325 2585 400 2646 Item
427 2584 617 2646 Valentinus
643 2597 691 2645 ter
721 2604 777 2666 per
809 2585 965 2646 Iacobum
990 2585 1109 2648 Cosme
1142 2585 1256 2647 citatus
1287 2604 1352 2647 non
1385 2585 1483 2663 venit,

219 2690 371 2772 idemque
396 2690 533 2752 Iacobus
557 2709 652 2772 super
676 2688 801 2751 duabus
823 2691 931 2772 pensis
944 2691 1069 2772 juravit,
1095 2710 1175 2772 quas
1198 2690 1279 2752 infra
1303 2689 1483 2772 quindenas

218 2796 343 2857 solvere
368 2796 472 2859 debet.

326 2901 403 2963 Item
428 2901 503 2963 licet
527 2900 648 2962 iudicio
673 2902 706 2962 in
739 2902 877 2984 presenti
911 2902 1094 2985 Merclynus
1126 2903 1165 2964 de
1189 2904 1351 2966 Zamobor
1376 2917 1486 2965 contra

220 3007 265 3070 St.
284 3006 449 3069 Lourandi
467 3026 652 3089 comparere
670 3021 701 3069 et
716 3027 810 3088 agere
828 3006 1000 3087 debuisset,
1012 3021 1120 3070 tamen
1135 3029 1201 3070 non
1214 3011 1301 3071 venit
1314 3029 1373 3071 nec
1390 3009 1485 3071 misit.

323 3131 400 3194 Item
433 3130 549 3193 domus
581 3132 704 3213 Mylrou
733 3145 779 3193 est
810 3144 925 3193 statuta
958 3132 1154 3194 Martinlroni
1189 3153 1247 3215 pro
1279 3154 1343 3195 una
1369 3152 1484 3213 marca,

221 3236 261 3299 de
286 3257 349 3319 qua
373 3237 468 3298 debet
493 3235 573 3298 infra
598 3236 731 3298 tercium
758 3235 844 3297 diem
876 3237 960 3298 exire
984 3236 1071 3298 idem
1099 3239 1231 3320 Mykou.

246 3476 339 3561 Nota,
368 3479 454 3565 quod
484 3477 569 3547 ferlo
597 3483 696 3547 sexta
723 3478 879 3565 proxima
907 3487 984 3565 post
1012 3475 1134 3547 festum
1164 3477 1254 3548 beati
1283 3478 1458 3549 laurencii

772 3601 939 3669 martirIs.

736 3769 796 3844 (12.
821 3769 966 3846 augusti).

325 3924 432 3986 PrImo
456 3925 571 4007 Voyko
604 3938 712 3986 contra
746 3924 909 3986 Thomam
940 3923 1144 4005 gladiparum
1177 3926 1216 3986 ad
1248 3940 1321 3987 octo
1346 3925 1415 3987 dies
1439 3946 1486 3988 re·

219 4030 302 4112 cepit
326 4031 500 4092 terminum
525 4030 565 4091 ad
590 4029 861 4112 respondendum.

326 4136 402 4197 Item
429 4135 575 4217 Dragech
600 4150 709 4198 contra
735 4135 874 4197 Domian
908 4136 948 4197 ad
972 4150 1045 4198 octo
1070 4135 1138 4197 dies
1171 4137 1290 4219 recepit
1311 4138 1486 4200 terminum

220 4240 261 4301 ad
285 4241 558 4323 respondendum.

326 4347 403 4408 Item
429 4347 519 4408 Luka
544 4361 653 4409 contra
678 4347 913 4429 Margaretham
939 4348 1043 4430 primo
1069 4348 1181 4408 citatus
1206 4366 1271 4409 non
1295 4349 1486 4429 comparuit.

327 4454 404 4513 Item
430 4473 524 4514 causa
550 4472 612 4534 que
636 4453 769 4515 vertitur
800 4454 882 4515 inter
906 4454 1077 4515 Nicolaum
1111 4454 1304 4515 Januensem
1329 4467 1359 4515 et
1383 4453 1486 4514 Draxe

220 4579 276 4641 per
300 4573 396 4621 testes
420 4558 460 4620 ad
485 4571 558 4620 octo
583 4557 651 4620 dies
676 4573 722 4620 est
745 4572 927 4641 prorogata.

327 4682 405 4742 Item
430 4681 621 4743 Valentinus
645 4695 753 4744 contra
778 4682 923 4743 relictam
948 4683 1076 4745 Brateni
1107 4681 1147 4744 ad
1179 4696 1252 4743 octo
1276 4681 1345 4742 dies
1369 4679 1488 4762 recepit

221 4789 393 4851 terminum
418 4787 457 4849 ad
483 4787 756 4870 respondendum.

1384 4895 1419 4954 Ι5
