3488 5250
641 307 729 366 Anno
752 319 840 382 1355.
863 318 980 379 -19.
995 305 1092 380 junii.

237 519 416 604 producere
440 531 550 579 contra
581 517 711 578 Petrum
744 514 899 599 Machych
924 534 996 576 cum
1028 514 1129 575 Piulrs
1160 526 1191 575 et
1221 511 1378 575 Michaele
1407 531 1502 595 super

238 626 383 709 expensis
406 624 472 686 suis
494 625 590 685 trium
614 642 796 706 pensarum,
827 634 858 684 et
881 641 954 684 cum
988 620 1127 683 Munech
1155 632 1186 681 et
1217 639 1291 682 cum
1314 620 1444 683 Sanclin
1470 633 1501 682 et

238 731 341 794 lwech
368 751 464 813 super
486 750 587 793 unum
622 749 696 792 cum
721 728 829 791 medio
862 728 1030 790 florenum.

346 839 423 900 ltem
440 837 563 899 Kunilo
580 837 612 898 in
626 836 798 918 quindenis
809 847 934 897 tenetur
946 834 1070 896 solvere
1080 833 1195 914 Artuig
1207 833 1325 894 XXXII
1342 832 1502 896 denarios.

346 943 424 1005 item
449 943 493 1006 St.
519 942 645 1004 Kordar
677 942 728 1004 die
762 955 876 1003 octavo
909 939 1005 1002 debet
1027 938 1187 1001 testificari
1219 958 1292 1000 cum
1324 939 1503 1001 Laurentio

239 1050 402 1111 sacerdote
426 1069 521 1132 super
545 1048 686 1130 quodam
711 1048 880 1109 bambusio
904 1060 1013 1109 contra
1036 1047 1177 1125 Petrum,
1202 1044 1331 1108 fratrem
1355 1046 1442 1108 Jaxe.

345 1155 423 1217 ltem
455 1156 629 1217 Markettus
648 1155 722 1236 quia
747 1166 857 1218 contra
888 1152 1031 1215 Thotam
1061 1153 1094 1215 in
1125 1172 1219 1214 causa
1249 1151 1409 1215 testificari
1432 1171 1498 1214 non

241 1261 355 1345 potuit,
380 1261 454 1323 ideo
479 1280 607 1322 causam
630 1280 687 1322 sue
709 1259 912 1342 proprietatis
936 1258 1051 1320 amisit.
1074 1261 1197 1334 (Deleta
1224 1260 1247 1326 l.

347 1365 425 1431 ltem
447 1368 568 1449 Ztepan
593 1367 626 1428 in
650 1366 822 1448 quindenis
844 1379 971 1428 tenetur
983 1365 1107 1427 solvere
1132 1364 1239 1426 Blasio
1262 1384 1321 1448 pro
1344 1364 1503 1446 vituperio

243 1472 323 1534 duas
347 1493 468 1534 marcas
492 1486 523 1534 et
546 1471 643 1554 judici
667 1472 819 1536 mediam.

348 1576 426 1640 ltem
450 1577 490 1641 G.
515 1576 600 1640 filius
624 1579 745 1640 Ztaune
769 1578 821 1639 die
838 1590 951 1639 octavo
971 1577 1066 1640 debet
1088 1577 1192 1660 jurare
1216 1589 1324 1640 contra
1340 1575 1505 1638 Emricum

243 1704 338 1767 super
361 1703 458 1745 unam
483 1703 633 1746 marcam.

348 1786 425 1851 Item
448 1809 542 1852 causa
566 1789 707 1852 Thotam
732 1803 763 1851 et
795 1789 942 1851 Marketti
978 1789 1017 1850 ad
1038 1789 1166 1872 plenam
1199 1787 1506 1850 determinacionem

246 1896 285 1958 ad
312 1896 398 1958 diem
422 1910 571 1957 octavum
596 1908 643 1958 est
666 1908 846 1978 prorogata.

379 2112 477 2188 Feria
505 2122 603 2186 sexta
631 2116 786 2203 proxima
815 2120 892 2184 ante
920 2114 1042 2184 festum
1070 2113 1265 2184 nativitatis
1294 2111 1384 2183 beati

706 2237 871 2326 Johannis
900 2237 1059 2325 baptiste.

782 2389 849 2467 (19.
863 2388 970 2463 justis).

357 2529 463 2590 Primo
486 2528 571 2589 iwan
595 2547 693 2609 gener
726 2527 845 2589 Mathie
877 2526 930 2588 die
961 2540 1074 2589 octavo
1099 2542 1209 2590 contra
1240 2527 1390 2591 Chernlrs
1413 2528 1509 2592 debet

247 2634 455 2718 respondere.

354 2740 431 2802 ltem
456 2739 603 2801 Emricus
624 2737 763 2800 carnifex
786 2740 891 2823 primo
915 2739 1035 2821 judicio
1059 2741 1155 2803 debet
1177 2740 1336 2803 testificari
1361 2760 1434 2803 cum
1450 2741 1509 2802 Ni·

249 2848 341 2909 colao
366 2859 397 2909 et
421 2847 518 2908 Janez
543 2843 744 2907 carnificibus
767 2858 876 2907 contra
908 2848 1076 2908 Marenum
1100 2866 1194 2930 super
1226 2845 1310 2909 facto
1334 2847 1509 2910 solucionis

250 2953 418 3015 cuiusdam
443 2951 584 3033 argentei
608 2950 761 3034 pignoris.

356 3059 434 3120 ltem
460 3057 547 3119 Mike
571 3070 727 3119 mercator
751 3057 803 3119 die
835 3069 948 3120 octavo
980 3057 1076 3120 debet
1099 3058 1261 3142 deponere
1292 3058 1509 3140 juramentum

250 3178 362 3226 contra
387 3164 473 3246 Span
497 3182 592 3244 super
616 3163 779 3245 aliquibus
801 3163 1029 3227 mercimoniis.

360 3269 438 3330 ltem
462 3267 626 3347 Nicolaus,
650 3266 734 3329 filius
757 3268 923 3348 Valterini‚
947 3283 1056 3331 contra
1073 3271 1247 3333 Martinum
1270 3271 1375 3354 primo
1398 3271 1512 3335 citatus

251 3395 316 3437 non
341 3374 529 3458 comparuit.

356 3481 433 3542 ltem
458 3481 608 3542 Kraturm
632 3480 765 3542 asseruit
792 3480 880 3562 quod
911 3481 1036 3543 Blasius
1066 3482 1099 3544 in
1127 3481 1247 3564 judicio
1277 3503 1386 3545 coram
1417 3485 1511 3547 nobis

251 3588 471 3672 vituperasset

359 3693 436 3755 ltem
463 3692 549 3754 idem
573 3693 724 3755 Kraturm
749 3692 800 3755 die
833 3707 947 3756 octavo
978 3693 1075 3756 debet
1090 3695 1310 3758 testimonium
1333 3697 1511 3781 producere

253 3820 327 3864 cum
354 3800 509 3880 Johanne,
527 3799 593 3861 filio
612 3800 791 3881 Laurencii,
814 3814 844 3862 et
860 3801 998 3863 Bartuch
1015 3803 1226 3865 assessoribus
1243 3817 1353 3866 contra
1368 3805 1511 3867 Blasium
1540 3791 1543 3797 ¹

252 3927 346 3992 super
369 3905 452 3969 lacto
476 3906 637 3989 vituperii,
662 3920 696 3967 ut
720 3908 786 3989 ipse
810 3907 865 3969 lite
889 3908 1050 3990 pendente
1075 3909 1181 3991 ipsum
1204 3910 1406 3993 vituperavit.

357 4013 436 4074 Item
460 4012 584 4074 Blasius
607 4012 753 4074 similiter
772 4013 824 4074 die
848 4027 961 4075 octavo
978 4014 1074 4076 debet
1089 4015 1267 4096 producere
1290 4017 1512 4080 testimonium

253 4138 326 4181 cum
350 4118 455 4179 Vanse
479 4130 510 4180 et
534 4118 675 4179 Henrico
699 4118 836 4201 pellifice
859 4139 955 4202 super
979 4117 1062 4181 facto
1086 4121 1246 4203 vituperii.

360 4225 438 4287 ltem
463 4244 536 4287 cum
560 4226 693 4288 Mareno
717 4238 748 4287 et
771 4226 858 4288 Mike
881 4226 1028 4288 similiter
1059 4246 1153 4309 super
1176 4227 1260 4291 facto
1284 4230 1434 4313 vituperii
1457 4231 1512 4294 lite

254 4331 424 4414 pendente.

359 4438 438 4499 Item
463 4436 607 4500 Andreas
631 4450 661 4499 et
685 4436 822 4500 Michael
843 4437 924 4500 fabri
946 4453 1054 4502 contra
1071 4442 1241 4503 Nicolaum
1264 4441 1369 4524 primo
1393 4441 1513 4524 judicio

255 4542 373 4607 debent
396 4544 599 4628 respondere.

361 4652 438 4714 ltem
463 4671 558 4714 causa
574 4649 711 4713 Bartuch
736 4663 768 4712 et
782 4651 890 4714 Penes
905 4651 1060 4715 carnificis
1076 4673 1178 4736 usque
1194 4654 1334 4737 primum
1357 4653 1513 4736 judicium

255 4753 297 4815 ad
319 4775 431 4839 pacem
455 4770 502 4820 est
524 4771 706 4842 prorogata.
