3488 5250
605 353 693 410 Anno
715 350 803 428 1361.
830 385 870 395 -
894 366 943 412 12.
959 354 1110 428 januarii.
1427 373 1486 435 ¹97

328 561 407 622 ltem
431 581 526 623 causa
551 581 615 643 que
638 562 770 624 vertitur
794 562 876 623 inter
904 563 1075 624 Nicolaum
1100 576 1130 624 et
1155 562 1332 644 Symonem
1356 562 1396 624 ad
1413 577 1486 624 octo

223 666 292 728 dies
315 666 355 728 ad
379 686 492 748 pacem
516 681 564 729 est
586 681 767 749 prorogata.

329 772 406 833 ltem
425 772 517 833 Drisa
535 785 565 834 et
578 772 686 834 relicta
704 771 856 852 Gracioli‚
873 785 968 835 testes
989 794 1046 857 per
1064 772 1256 855 Gregorium
1281 786 1391 836 contra
1413 774 1487 835 Jan·

224 877 346 939 zlinum
371 877 529 959 producti,
554 878 660 941 taliter
683 878 853 941 extiterunt
875 878 1043 958 testificati,
1067 879 1156 960 quod
1187 899 1261 941 cum
1285 899 1365 941 uxor
1388 879 1487 961 ipsius

224 983 361 1044 lanzlini
380 1002 512 1045 uxorem
524 984 599 1046 dicti
612 983 759 1065 Gregorii
768 985 935 1066 vituperiis
944 998 975 1046 et
991 985 1344 1067 opprobriisaffecisset,
1355 986 1485 1048 demum

223 1087 308 1150 idem
334 1089 498 1151 Janzlinus
522 1090 759 1172 supervenisset
781 1090 940 1152 securium
971 1091 1093 1153 habens
1112 1092 1145 1153 in
1162 1112 1261 1154 manu
1284 1093 1391 1175 ipsum
1407 1092 1485 1156 Gre-

221 1194 349 1275 gorium
373 1195 498 1256 securio
524 1209 688 1277 percutere
719 1195 882 1275 voluisset,
907 1197 963 1277 qui
996 1195 1171 1278 Gregorius
1195 1198 1302 1280 ipsum
1326 1199 1485 1261 securium

223 1299 262 1361 de
286 1301 435 1363 manibus
458 1302 523 1361 suis
547 1301 729 1383 excepisset.

294 1463 392 1539 Feria
421 1477 520 1538 sexta
549 1471 703 1557 proxima
730 1476 808 1556 post
840 1468 962 1539 festum
994 1466 1254 1557 Epiphaniamm
1282 1470 1416 1541 domini.

604 1607 702 1679 (Anno
725 1599 813 1679 1361,
840 1597 870 1664 8.
887 1604 1051 1680 januaris).

329 1725 408 1787 ltem
434 1723 555 1786 Gemez
580 1738 695 1786 octavo
727 1723 778 1785 die
802 1723 897 1785 debet
927 1723 1094 1787 testificare
1126 1743 1200 1786 cum
1225 1723 1368 1788 Radicha
1388 1744 1486 1786 uxore

224 1830 310 1893 Petri
335 1830 431 1893 Zolar
454 1844 485 1893 et
510 1829 661 1891 Katricba
678 1848 775 1891 uxore
793 1829 838 1893 St.
864 1842 974 1891 contra
991 1848 1124 1891 uxorem
1141 1830 1233 1891 Pauli
1249 1830 1377 1912 pistoris
1393 1851 1487 1912 super

225 1933 309 1998 facto
334 1936 555 2019 percussionis.

330 2041 408 2103 ltem
432 2061 527 2103 causa
551 2042 625 2103 Kun
650 2042 765 2103 actoris
781 2055 812 2103 et
833 2042 931 2103 Junas
955 2061 1055 2122 usque
1072 2056 1220 2103 octavum
1239 2040 1323 2102 diem
1350 2054 1396 2103 est
1413 2061 1486 2124 pro·

225 2161 336 2228 rogata
360 2148 400 2210 ad
424 2168 548 2231 pacem.

331 2255 408 2317 ltem
434 2256 500 2316 luri
527 2255 612 2317 Zitar
636 2256 731 2316 debet
754 2254 915 2337 deponere
943 2253 1159 2335 juramentum
1183 2265 1292 2314 contra
1317 2254 1485 2315 Marenum

225 2360 389 2421 Korosech
413 2380 508 2443 super
532 2361 639 2442 aliqua
663 2360 798 2443 pecunia
823 2359 973 2421 videlicet
996 2358 1050 2421 llll
1074 2359 1191 2441 pensis.

330 2466 408 2528 ltem
432 2465 594 2547 Dragonia
618 2480 707 2527 sutor
738 2480 846 2527 contra
879 2463 981 2527 filium
1005 2465 1173 2526 Mortonos
1204 2462 1282 2525 Zedi
1311 2482 1376 2525 non
1401 2464 1488 2525 venit

223 2591 281 2633 nec
306 2572 401 2635 misit.

330 2679 408 2739 Item
444 2679 596 2740 dominus
631 2677 776 2739 Thomas
808 2677 978 2759 episcopus
1009 2676 1235 2753 Pharariensis‚
1269 2675 1488 2757 suffraganeus

224 2782 347 2845 domini
380 2784 601 2866 Zagrabiensis
633 2784 787 2865 episcopi,
811 2797 919 2844 contra
945 2782 1034 2843 bank
1066 2782 1232 2843 concivem
1265 2795 1410 2842 nostrum
1441 2793 1487 2842 est

223 2890 389 2951 convictus
420 2889 452 2951 in
485 2890 647 2951 sentencia
679 2888 872 2970 calumpnie,
904 2888 980 2970 quia
1011 2888 1156 2970 proprias
1186 2906 1259 2950 suas
1283 2887 1403 2949 litteras
1426 2906 1487 2969 pro

223 2995 339 3057 eodem
363 2997 400 3059 B.
424 3009 587 3057 emanatas
611 2994 741 3056 frivolas
764 2997 934 3057 asserebat.

329 3102 406 3163 Item
432 3121 525 3164 causa
552 3101 703 3184 Symonis
727 3116 757 3162 et
781 3100 879 3162 Blasii
904 3101 1105 3162 Bremennak
1129 3118 1232 3180 usque
1256 3111 1329 3160 octo
1354 3098 1422 3160 dies
1446 3097 1486 3159 ad

223 3226 335 3288 pacem
360 3223 407 3269 est
429 3220 611 3289 prorogata.

330 3314 407 3376 ltem
431 3313 549 3375 lactum
575 3313 644 3375 Elie
676 3312 856 3374 stacionarii
889 3326 919 3373 et
944 3311 1072 3374 Martini
1104 3311 1179 3373 dicti
1212 3312 1336 3394 Reyniz
1360 3310 1485 3391 adjudi-

224 3431 329 3480 catum
364 3419 465 3481 extitit
497 3439 553 3501 per
576 3418 696 3500 juratos
719 3418 850 3500 judices,
874 3431 909 3479 ut
933 3416 1036 3479 dictus
1066 3416 1154 3478 Elias
1177 3417 1209 3477 in
1239 3415 1338 3479 domo
1362 3417 1486 3478 domini

225 3525 353 3586 Martini
377 3526 540 3587 universas
563 3545 612 3587 res
635 3544 718 3603 suas,
742 3538 777 3586 ut
801 3524 981 3585 continetur
998 3523 1030 3584 in
1048 3522 1160 3584 litteris
1184 3543 1241 3605 pro
1266 3522 1380 3585 eodem
1401 3542 1487 3584 ema·

223 3631 315 3708 natis,
340 3632 525 3714 deponendi
549 3645 580 3694 et
603 3629 785 3693 reservandi
809 3628 939 3691 habebit
963 3628 1156 3691 facultatem.

329 3736 407 3798 ltem
432 3737 534 3798 Pausa
558 3751 667 3798 contra
692 3736 872 3798 Jobannem
895 3735 1000 3817 primo
1024 3735 1137 3796 citatus
1161 3753 1226 3795 non
1251 3733 1439 3814 comparuit.

329 3842 408 3903 ltem
432 3842 541 3904 relicta
565 3842 685 3904 Vrbani
719 3832 869 3924 produxit
900 3839 1120 3902 testimonium
1153 3859 1226 3901 cum
1259 3840 1383 3900 duabus
1414 3858 1485 3921 per·

223 3947 311 4007 sonis
334 3946 505 4028 fidedignis
530 3960 639 4010 contra
670 3947 814 4009 relictam
838 3945 1003 4007 Benedicti
1027 3964 1122 4026 super
1154 3944 1236 4006 lacto
1260 3943 1485 4026 percussionis.

330 4052 407 4114 ltem
426 4052 545 4114 Paulus
562 4053 695 4115 clericus
719 4051 804 4115 filius
819 4050 910 4112 Pauli
932 4051 1033 4129 lurse,
1058 4066 1092 4111 ut
1116 4063 1213 4129 actor,
1238 4063 1347 4111 contra
1364 4049 1485 4110 Lucam

222 4177 377 4239 generum
402 4159 490 4220 Mark
516 4158 647 4220 Bonioli
672 4178 730 4219 nec
753 4156 841 4218 venit
865 4176 923 4218 nec
954 4157 1041 4218 misit
1063 4175 1121 4238 pro
1145 4177 1178 4218 se
1203 4155 1421 4238 responsalem
1447 4155 1486 4215 ad

225 4265 398 4344 agendum.

251 4433 345 4518 Nota,
371 4433 457 4522 quod
487 4433 595 4503 tercia
623 4414 709 4503 leria
737 4432 892 4520 proxima
926 4438 1004 4501 ante
1032 4437 1172 4500 octavas
1201 4428 1461 4517 Epiphaniarum

792 4554 925 4624 domini.

733 4689 794 4764 (12.
810 4687 972 4764 januarii).

330 4812 438 4873 Primo
463 4809 583 4872 Endrei
608 4822 716 4871 contra
742 4808 939 4891 Stephanum
973 4806 1123 4869 Kundicb
1156 4808 1261 4889 primo
1285 4806 1398 4869 citatus
1422 4824 1487 4867 non

224 4917 414 5000 comparuit.
