3488 5250
634 338 718 392 Anno
744 347 828 411 1357.
854 368 895 375 —
919 331 968 393 16.
986 336 1080 410 junii.
1451 353 1492 412 95

228 550 288 612 tori
312 547 485 630 persolvet,
510 549 591 606 bene
623 544 766 625 quidem,
799 542 918 602 fundus
950 543 1009 603 sibi
1034 543 1229 618 remanebit;
1262 543 1285 602 si
1315 562 1392 620 non,
1416 559 1492 604 tuuc

230 656 334 717 littere
368 667 475 714 nostre
511 653 603 712 Petro
639 650 750 710 sartori
786 648 968 730 supradicto
1000 668 1094 730 super
1134 649 1325 730 premissum
1357 649 1493 711 fundum

231 761 465 823 emanabuntur
488 758 555 818 sine
584 756 754 816 dilacione.

336 884 415 945 Item
440 881 601 943 Johannes
626 878 710 940 filius
735 879 903 939 Laurencii
934 893 1047 939 octavo
1073 879 1124 938 die
1156 899 1212 960 per
1237 879 1366 941 Petrum
1391 878 1494 940 filium

232 988 399 1066 Valterini‚
437 987 578 1049 Blasium
615 984 716 1046 filium
753 983 885 1064 Georgii
919 998 948 1045 et
982 984 1122 1045 Kussech
1156 983 1352 1046 aurifabrum
1385 999 1494 1048 contra

231 1096 442 1157 balniatorem
468 1092 579 1154 Gerini
604 1090 824 1152 testimonium
849 1090 1025 1171 producere
1056 1103 1183 1152 tenetur
1212 1111 1307 1173 super
1332 1111 1381 1170 eo,
1406 1092 1492 1172 quod

232 1200 383 1262 bicellum
408 1218 501 1260 suum
526 1197 715 1278 excipiendo
740 1196 845 1276 ipsum
874 1194 1051 1257 interficere
1076 1197 1238 1258 voluisset.

337 1306 414 1366 Item
441 1305 547 1365 Petres
572 1299 711 1363 carnifex
737 1314 846 1362 contra
879 1300 1019 1382 Cerngel
1043 1302 1147 1382 primo
1180 1303 1293 1364 citatus
1317 1323 1382 1365 non
1408 1324 1493 1365 com-

231 1411 344 1494 paruit.

337 1517 412 1577 Item
439 1516 532 1577 Vitus
557 1528 666 1575 contra
692 1515 835 1575 Marcum
859 1514 963 1594 primo
988 1515 1102 1575 citatus
1127 1534 1190 1575 non
1217 1517 1405 1598 comparuit.

337 1622 414 1683 Item
440 1621 548 1682 Petres
571 1618 711 1681 carnifex
736 1634 845 1679 contra
870 1618 945 1679 Ksel
961 1619 1065 1700 primo
1086 1620 1199 1682 citatus
1215 1641 1280 1682 non
1306 1624 1495 1704 comparuit.

339 1728 417 1788 Item
442 1725 528 1786 idem
553 1725 628 1786 Ksel
653 1738 762 1785 contra
789 1724 833 1786 St.
858 1725 962 1805 primo
987 1725 1100 1786 citatus
1124 1746 1188 1787 non
1215 1729 1403 1809 comparuit.

339 1850 414 1910 item
441 1869 520 1910 uxor
545 1849 581 1912 N.
616 1848 803 1929 carpentarii
838 1861 946 1908 contra
972 1849 1138 1909 Marenum
1171 1851 1276 1931 primo
1309 1852 1402 1913 citata
1429 1871 1494 1912 non

232 1955 421 2038 comparuit.

338 2061 416 2121 Item
441 2061 537 2120 iliona
563 2073 672 2121 contra
698 2059 850 2120 fuankam
875 2060 979 2140 primo
1009 2061 1103 2122 citata
1128 2080 1192 2122 non
1218 2063 1406 2143 comparuit.

339 2166 415 2227 Item
442 2165 587 2226 Donatus
611 2163 770 2226 aurifaber
794 2184 894 2245 usque
920 2166 1104 2246 quindecim
1131 2167 1199 2228 dies
1222 2181 1348 2228 tenetur
1371 2169 1495 2229 solvere

232 2273 326 2334 Petro
352 2274 470 2353 Loytra
494 2272 536 2331 XI
562 2270 620 2332 flor

338 2395 414 2457 Item
442 2395 486 2456 St.
513 2393 624 2455 Kuche
649 2408 759 2455 contra
783 2395 822 2456 N.
854 2393 957 2455 filium
982 2395 1123 2478 Jurizfay
1156 2397 1261 2478 primo
1293 2397 1406 2458 citatus
1430 2417 1495 2457 non

233 2501 421 2583 comparuit.

339 2607 415 2667 Item
441 2626 534 2666 causa
560 2605 640 2665 inter
665 2605 800 2665 Pausam
832 2620 863 2665 et
888 2605 1057 2666 Nicolaum
1084 2607 1122 2667 K.
1147 2606 1186 2666 ad
1219 2627 1330 2688 pacem
1355 2608 1395 2668 ad
1422 2624 1495 2669 octo

236 2713 304 2774 dies
327 2726 376 2772 est
399 2725 579 2793 prorogata,
605 2711 683 2771 etsi
709 2708 873 2792 pacificare
893 2729 958 2770 uon
977 2725 1128 2792 poterunt
1151 2727 1225 2773 tunc
1250 2728 1314 2775 met
1338 2715 1497 2775 secundus

236 2818 302 2900 ipse
326 2818 365 2878 N.
391 2816 515 2897 jurabit.

340 2940 417 3001 item
437 2939 481 3000 St.
508 2937 637 2999 Saluich
654 2951 762 2998 contra
786 2936 917 3018 Gurgek
935 2938 973 2998 ad
999 2955 1072 3001 octo
1097 2941 1164 3002 dies
1180 2943 1299 3023 recepit
1322 2943 1496 3003 terminum

234 3046 274 3106 ad
299 3045 569 3126 respondendum.

340 3151 415 3212 Item
442 3151 539 3210 luana
564 3166 594 3210 et
617 3149 784 3211 Elizabeth
807 3165 919 3212 mutuo
944 3153 1159 3213 submiserunt
1182 3173 1213 3214 se
1238 3155 1423 3216 testimonio
1449 3175 1495 3216 re-

238 3257 310 3318 licte
334 3256 520 3337 Dragouani
544 3254 585 3316 ad
609 3269 682 3316 octo
707 3255 784 3316 dies.

341 3380 417 3440 item
443 3379 583 3439 Briccius
607 3392 716 3439 contra
742 3379 922 3459 Dragauam
947 3382 1044 3442 tercio
1070 3382 1182 3444 citatus
1210 3404 1273 3445 non
1307 3388 1495 3468 comparuit.

339 3484 416 3544 Item
450 3485 554 3564 Span,
585 3483 702 3544 Paulus
734 3482 836 3560 locar,
869 3483 1042 3547 Hudzmok
1075 3500 1105 3548 et
1138 3488 1230 3549 Sosse
1262 3509 1370 3551 coram
1402 3491 1496 3552 nobis

235 3588 370 3650 confessi
397 3589 586 3666 extiterunt,
614 3588 702 3671 quod
735 3588 916 3650 Demetrius
947 3605 1072 3654 tenetur
1096 3613 1161 3654 uno
1194 3594 1316 3656 floreno
1349 3597 1380 3657 in
1405 3617 1496 3679 spem

234 3702 342 3778 Arney
368 3698 478 3758 sutori.

341 3803 418 3863 item
444 3801 600 3862 Martinus
624 3803 727 3862 Zenar
743 3816 852 3865 contra
872 3804 1038 3866 Marenum
1057 3806 1151 3867 Zolar
1175 3808 1279 3888 primo
1304 3809 1417 3871 citatus
1431 3831 1495 3872 non

236 3908 424 3988 comparuit.

341 4012 418 4074 Item
443 4014 510 4073 Kos
526 4013 665 4074 carnifex
690 4028 799 4076 contra
817 4015 979 4076 Thomam
997 4037 1150 4098 magnum
1168 4020 1272 4100 primo
1295 4021 1407 4082 citatus
1431 4043 1495 4084 non

236 4119 423 4200 comparuit.

341 4224 418 4286 Item
445 4227 611 4288 Mortonos
635 4227 764 4288 sellator
788 4240 902 4288 octavo
926 4227 977 4289 die
1002 4248 1057 4310 per
1083 4229 1225 4309 Lucham
1249 4229 1442 4293 frenatorem
1467 4248 1498 4294 et

236 4331 317 4392 Vole
343 4330 469 4392 fabrum
493 4348 603 4394 contra
627 4332 818 4394 MichaeIem
837 4333 962 4394 fabrum
986 4348 1112 4396 tenetur
1134 4337 1354 4398 testimonium
1377 4338 1497 4419 produ·
1540 4385 1545 4399 .

235 4457 304 4498 cere
337 4457 432 4518 super
463 4458 513 4516 eo,
545 4438 632 4518 quod
665 4439 887 4520 potencialiter
919 4439 985 4522 ipse
1014 4441 1151 4502 Michael
1184 4442 1223 4503 de
1255 4444 1403 4505 manibus
1433 4445 1498 4505 suis

236 4563 336 4604 unum
361 4544 526 4605 vasculum
550 4544 726 4626 recepisset.

342 4667 419 4727 item
443 4667 529 4728 idem
554 4668 690 4729 Michael
715 4683 823 4731 contra
842 4670 981 4731 eundem
1006 4684 1071 4731 met
1094 4672 1253 4733 secundus
1276 4671 1379 4752 jurare
1403 4693 1498 4754 super

237 4770 403 4853 vituperiis
426 4787 552 4835 tenetur
576 4787 689 4835 octavo
714 4774 775 4835 die.
