3488 5250
636 311 723 367 Anno
745 307 835 385 1356.
860 344 904 353 -
925 323 973 370 12.
991 310 1075 384 julii.

329 516 408 578 Item
433 515 610 579 Godfridus
634 530 744 579 contra
760 517 912 580 Velinum
930 518 1025 579 debet
1049 517 1152 599 jurare
1170 516 1285 579 eodem
1310 516 1361 577 dic
1386 517 1419 578 In
1437 536 1486 596 eo,

224 622 312 703 quod
337 623 404 705 ipse
429 643 495 684 non
527 623 640 684 habuit
671 625 744 705 pIus
775 625 815 686 de
846 625 963 686 VeIIno
995 624 1137 706 predicto
1169 623 1229 684 nisi
1254 623 1279 684 II
1304 642 1425 684 marcas
1456 636 1487 684 et

223 728 328 789 media
354 740 384 789 et
407 728 466 789 tria
490 730 633 810 pondera
659 731 792 813 argenti,
817 730 855 790 de
874 731 992 812 quibus
1016 730 1116 791 eciam
1134 730 1166 791 in
1190 729 1413 790 combustione
1430 727 1484 789 VII

223 834 365 914 pondera
389 833 518 896 suerunt
543 834 719 897 deminuta.

328 939 404 1002 Item
431 941 587 1002 Martinus
611 941 715 1003 dictus
739 943 863 1025 Reanz
887 956 1001 1004 octavo
1026 942 1078 1004 die
1102 956 1212 1003 contra
1235 940 1410 1002 Martinum
1434 959 1485 1001 su·

222 1057 322 1108 torem
349 1066 423 1107 cum
447 1047 590 1127 quinque
615 1048 760 1128 personis
784 1048 969 1109 concivibus
985 1047 1100 1109 nostris
1124 1066 1157 1109 se
1181 1061 1269 1108 sexto
1293 1045 1417 1106 incluso
1440 1057 1485 1105 te·

223 1164 316 1212 netur
340 1152 502 1233 deponere
526 1151 754 1232 juramentum.

327 1255 405 1319 Item
430 1272 543 1320 octavo
569 1258 621 1320 die
646 1258 691 1322 St.
716 1260 806 1320 Kuce
831 1274 861 1320 et
884 1260 990 1320 Vanse
1014 1257 1153 1320 carnifex
1169 1271 1295 1320 tenetur
1318 1255 1485 1318 testificare

223 1361 266 1440 id,
290 1362 379 1443 quod
404 1364 482 1424 scite
507 1383 539 1424 se
563 1365 707 1426 sencient
731 1365 813 1426 inter
837 1366 945 1426 Petres
969 1379 1000 1426 et
1025 1363 1197 1426 Bedicham
1223 1344 1395 1424 carnifices.

327 1469 405 1530 Item
432 1469 475 1531 St.
502 1484 605 1532 sartor
629 1485 739 1533 contra
772 1471 910 1551 Dragam
945 1469 1114 1531 mulierem
1145 1470 1250 1551 primo
1275 1469 1388 1530 citatus
1418 1487 1484 1529 non

222 1575 411 1655 comparuit.

328 1679 406 1741 Item
432 1679 471 1744 G.
496 1680 651 1742 Ztaunich
670 1695 783 1742 octavo
801 1680 853 1743 die
878 1681 1049 1763 assumpsit
1063 1681 1240 1762 producere
1264 1679 1483 1741 testimonium

223 1797 332 1846 contra
356 1785 396 1847 N.
431 1785 534 1847 filium
566 1787 644 1848 Petk
676 1806 733 1868 per
756 1787 796 1848 N.
828 1786 929 1848 filium
960 1785 1136 1865 Benedicti,
1167 1785 1358 1847 Michaelem
1381 1784 1484 1846 filium

224 1889 306 1950 Petri
333 1906 364 1952 et
388 1891 505 1953 Vidam
527 1912 660 1953 uxorem
687 1893 726 1954 N.
750 1891 806 1954 filii
831 1892 995 1955 Iuandiak.

327 1996 405 2058 Item
432 2010 547 2059 octavo
564 1998 616 2059 die
635 1998 679 2060 St.
696 1999 780 2059 tuIar
802 2012 928 2061 tenetur
944 1997 1164 2059 testimoninm
1181 1997 1358 2078 producere
1375 2009 1485 2058 contra

221 2101 434 2164 Malchicham
461 2123 557 2185 super
580 2104 747 2185 vituperiis
771 2117 802 2166 et
832 2105 1038 2186 percussione
1070 2123 1127 2185 per
1158 2117 1290 2164 matrem
1316 2103 1401 2181 Kun,
1426 2103 1484 2163 Pe·

221 2219 283 2268 tres
308 2223 338 2269 et
363 2208 507 2272 Ilianam.

327 2315 404 2375 Item
430 2316 540 2376 Mareu
565 2315 747 2376 Lachkonis
770 2330 880 2377 contra
905 2314 1084 2376 Francham
1115 2313 1258 2376 secundo
1280 2313 1393 2375 citatus
1417 2333 1482 2375 non

221 2420 409 2500 comparuit.

326 2524 404 2585 Item
429 2526 473 2587 M.
497 2524 635 2587 condam
658 2525 753 2606 judex
777 2540 890 2587 octavo
915 2526 967 2588 dIe
990 2539 1116 2587 tenetur
1139 2524 1317 2606 producere
1340 2525 1483 2586 testImo-

220 2627 309 2689 nium
335 2649 391 2710 per
416 2629 455 2693 G.
480 2631 560 2691 Zuik
586 2645 617 2693 et
649 2631 813 2693 Thomam
846 2632 1026 2713 Krapingar
1057 2643 1166 2693 contra
1197 2631 1309 2692 Mareu
1341 2644 1483 2691 sutorem

220 2754 279 2816 pro
297 2734 522 2798 confracci0ne
547 2737 663 2799 domus
681 2738 787 2799 balnei
803 2738 851 2799 sui
876 2752 907 2799 et
923 2736 1093 2819 fugacione
1117 2737 1297 2816 hominum,
1321 2750 1353 2798 et
1369 2736 1485 2797 eodem

220 2840 272 2901 die
296 2856 405 2903 contra
434 2842 572 2904 eundem
606 2844 776 2924 assumpsit
810 2863 866 2924 per
896 2842 1053 2905 Gerinum
1079 2856 1109 2904 et
1140 2842 1319 2905 Johannem
1343 2842 1483 2923 juratum

219 2965 315 3028 super
338 2946 504 3028 vituperiis
528 2967 636 3009 coram
660 2947 766 3030 judice
791 2947 889 3011 Iactis.

325 3052 404 3113 Item
429 3051 540 3113 Petrus
565 3053 749 3115 Milhauech
781 3068 890 3115 contra
915 3053 1090 3115 Bedicham
1114 3053 1256 3115 secundo
1281 3053 1393 3115 citatus
1416 3073 1483 3115 non

219 3157 408 3239 comparuit.

325 3263 404 3325 Item
430 3264 637 3345 quindecimo
662 3265 713 3326 die
739 3265 887 3346 quitquid
905 3266 944 3328 N.
962 3263 1136 3346 erachich
1153 3263 1270 3344 jurabit
1294 3264 1333 3325 de
1350 3263 1481 3346 dampni

219 3369 442 3450 percepcione‚
454 3369 552 3430 talem
566 3369 743 3451 dampnum
754 3369 879 3432 Luchas
892 3370 1039 3432 sacerdos
1047 3370 1107 3430 sibi
1120 3369 1282 3431 tenebitur
1294 3369 1482 3451 adimplete.

326 3475 405 3537 Item
431 3475 511 3535 Zore
530 3476 561 3536 in
579 3476 718 3556 presenti
744 3475 863 3555 judicio
880 3489 989 3537 contra
1007 3475 1094 3536 Elias
1108 3475 1298 3556 comparuit,
1322 3475 1389 3556 ipse
1406 3494 1482 3536 vero

220 3578 307 3639 Elias
331 3599 389 3640 nec
414 3579 454 3640 ad
478 3580 636 3660 justiciam
661 3581 770 3642 venire
794 3581 845 3641 vel
870 3581 994 3642 mittere
1018 3581 1148 3642 curavit.

325 3684 403 3745 Item
427 3704 508 3746 uxor
533 3686 661 3747 Crizani
687 3702 796 3748 contra
813 3685 954 3747 Iuicharn
971 3686 1075 3767 primo
1100 3686 1194 3746 citata
1210 3704 1275 3747 non
1293 3685 1482 3767 comparuit.

236 3895 332 3970 Faria
360 3903 467 3970 tercia
494 3903 650 3989 proxima
678 3910 755 3973 ante
783 3903 905 3973 festum
938 3912 1054 3973 sancte
1082 3903 1294 3990 IIargarethe
1321 3906 1464 3992 virgInis

729 4032 761 4096 et
798 4027 963 4096 martiris.

766 4186 828 4251 (12.
844 4179 940 4253 julia).

327 4313 404 4372 Item
430 4313 544 4374 Perren
562 4316 699 4396 Mekyna
718 4331 831 4377 octavo
851 4317 902 4377 die
920 4331 1029 4379 contra
1050 4318 1147 4378 Iuren
1164 4316 1370 4397 jobagionem
1387 4336 1483 4378 suurn

222 4416 391 4496 assumpsit
414 4418 632 4479 testimonium
650 4421 825 4500 producere
843 4440 898 4500 per
923 4421 1101 4501 Georgium
1118 4420 1213 4481 Zolar
1230 4433 1261 4482 et
1285 4420 1482 4483 Domianum

221 4537 316 4599 super
339 4519 460 4582 vilitate
484 4542 550 4583 sua.

327 4624 406 4685 Item
430 4627 544 4705 Artuig
561 4641 670 4688 contra
689 4627 896 4709 Stephanium
914 4630 1070 4691 nutricem
1088 4649 1178 4690 suam
1203 4631 1373 4712 assumpsit
1395 4632 1483 4694 testi·

223 4728 368 4788 monium
392 4728 569 4810 producere
592 4749 649 4811 per
672 4750 803 4792 uxorem
828 4733 958 4794 Brinath
987 4749 1017 4794 et
1041 4734 1129 4794 Inam
1153 4748 1183 4796 et
1207 4754 1339 4797 uxorem
1364 4737 1484 4819 Repret
