3488 5250
677 333 765 391 Anno
787 330 878 408 1356.
901 366 945 375 —
961 347 996 408 3.
1013 334 1106 407 junii.

356 540 432 604 Item
466 541 673 603 Medouarich
717 554 826 603 contra
859 542 963 624 ipsum
994 542 1094 602 Piuka
1125 542 1267 604 secundo
1299 544 1412 605 citatus
1449 565 1514 606 non

251 661 439 729 comparuit.

356 755 434 816 Item
456 774 549 815 causa
574 773 637 835 que
660 752 792 813 vertitur
816 752 898 813 inter
922 752 1089 833 Kruppam
1114 766 1145 814 et
1169 753 1360 815 Paladinum
1385 755 1513 817 racione

251 861 416 923 cuiusdam
441 860 534 921 vinee
560 859 600 920 ad
624 857 737 919 feriam
767 858 898 919 terciam
921 858 961 919 ad
991 859 1199 920 testacionem
1231 857 1306 921 Iuan
1331 859 1446 940 judicis
1469 875 1515 922 est

249 981 429 1050 prorogata.

355 1071 432 1136 Item
455 1051 564 1133 ‘relicta
582 1070 732 1131 Jurkonis
756 1083 864 1130 contra
882 1069 993 1130 Maren
1009 1069 1114 1150 primo
1132 1069 1225 1132 citata
1240 1090 1305 1132 non
1323 1072 1512 1153 comparuit.

354 1177 431 1241 Item
457 1177 568 1238 Maren
594 1188 703 1236 contra
728 1176 772 1238 M.
807 1175 944 1236 condam
974 1173 1112 1254 judicem
1137 1176 1177 1236 ad
1206 1190 1279 1238 octo
1303 1176 1371 1238 dies
1395 1179 1514 1259 recepit

248 1285 421 1347 terminum
445 1283 485 1344 ad
510 1281 781 1363 respondendum.

354 1391 431 1451 Item
457 1388 565 1449 relicta
588 1386 754 1448 Michaelis
777 1387 893 1448 sutoris
916 1399 1026 1447 contra
1050 1386 1160 1448 Maren
1185 1387 1225 1449 ad
1250 1401 1322 1449 octo
1348 1389 1416 1450 dies
1438 1408 1512 1470 pro-

248 1510 363 1559 testare
387 1508 511 1555 tenetur
535 1513 592 1575 per
616 1494 701 1554 Laclc
725 1508 756 1554 et
779 1494 958 1554 Marenum.

354 1598 430 1663 Item
455 1600 570 1680 Artuig
594 1611 625 1660 et
649 1598 772 1659 Henrih
800 1611 909 1659 contra
934 1596 1021 1661 Otho
1052 1598 1194 1661 secundo
1218 1599 1304 1661 citati
1333 1618 1399 1660 non
1424 1619 1510 1661 com·

247 1720 431 1790 paruerunt.

351 1809 429 1874 Item
453 1810 540 1871 Bene
565 1823 678 1870 octavo
703 1808 755 1869 die
779 1821 888 1869 contra
912 1808 1091 1870 Iohannem
1116 1809 1295 1871 Barbacum
1319 1824 1445 1874 tenetur
1461 1831 1509 1873 re-

246 1916 416 1999 spondere.

352 2023 430 2083 Item
454 2019 575 2082 Bedich
596 2019 700 2102 primo
724 2017 845 2099 judicio
862 2032 987 2080 tenetur
1009 2032 1081 2100 post
1097 2019 1310 2082 Pentekosten
1334 2035 1509 2102 protestare

246 2142 355 2191 contra
373 2127 557 2209 Philippum
582 2124 772 2187 carnificem.

351 2235 429 2295 Item
455 2231 542 2294 Otho
565 2244 691 2293 tenetur
715 2243 828 2291 octavo
861 2230 912 2291 die
936 2243 1110 2312 protestare
1134 2247 1244 2293 contra
1267 2232 1391 2294 Henrih
1414 2256 1509 2318 super

244 2338 410 2421 vituperiis
433 2358 489 2419 per
515 2337 559 2400 St.
584 2336 695 2398 Kuche
720 2349 752 2397 et
774 2334 960 2417 Philippum
983 2334 1175 2399 carnificem.

349 2440 428 2506 Item
452 2462 531 2505 uxor
556 2441 694 2505 Gratarii
718 2456 827 2503 contra
858 2440 980 2503 Obram
1013 2442 1108 2503 Zolar
1139 2444 1282 2506 secundo
1315 2446 1409 2507 citata
1441 2467 1507 2509 non

244 2550 434 2631 comparuit.
728 2586 744 2617 .

348 2654 426 2718 Item
450 2654 640 2716 Dominicus
665 2668 775 2715 contra
799 2653 929 2714 Petrum
953 2653 1057 2734 primo
1082 2654 1197 2715 citatus
1220 2674 1285 2716 non
1314 2659 1505 2738 comparuit.

350 2759 427 2823 Item
453 2761 563 2822 Maren
587 2773 676 2821 sutor
701 2773 814 2821 octavo
839 2759 891 2820 die
921 2772 1047 2820 tenetur
1078 2773 1253 2841 protestare
1278 2775 1387 2823 contra
1412 2764 1506 2825 Kone

242 2888 299 2949 per
324 2866 499 2928 Martinum
522 2880 664 2928 sutorem
689 2879 720 2926 et
743 2865 918 2928 Martinum
942 2865 1021 2926 Zedi
1043 2885 1138 2946 super
1162 2868 1377 2947 percussione.

346 2970 424 3035 Item
457 2991 537 3032 uxor
568 2971 693 3032 Nicolai
725 2970 854 3031 sartoris
885 2983 994 3031 contra
1022 2971 1186 3031 Andream
1219 2971 1332 3033 Pulani
1363 2976 1505 3037 secundo
1575 2975 1576 2978 ’

243 3079 335 3139 citata
359 3097 424 3138 non
450 3077 641 3158 comparuit.

346 3181 424 3244 Item
458 3202 551 3244 causa
583 3201 646 3263 que
678 3181 809 3242 vertitur
840 3180 921 3241 inter
945 3181 983 3242 N.
1015 3180 1210 3242 Zrebrnicha
1243 3196 1273 3243 et
1296 3183 1440 3246 Kussech
1464 3185 1504 3246 ad

242 3303 314 3350 octo
339 3288 407 3349 dies
431 3301 478 3349 est
500 3301 626 3368 recepta
651 3286 690 3348 ad
715 3306 836 3367 pacem.

347 3391 425 3455 Item
449 3393 640 3455 Lourandus
664 3405 773 3453 contra
797 3392 836 3452 N.
861 3391 1012 3452 Latinum
1036 3391 1076 3452 ad
1100 3405 1173 3453 octo
1207 3393 1274 3453 dies
1298 3394 1419 3476 recepit
1442 3408 1503 3455 ter-

241 3500 365 3561 minum
390 3499 430 3560 ad
454 3499 726 3580 respondendum.

345 3603 422 3667 Item
446 3605 669 3685 judicaverunt
684 3603 777 3684 jurati
803 3603 841 3664 de
866 3622 959 3664 causa
976 3622 1040 3684 que
1056 3603 1190 3665 vertitur
1209 3603 1290 3665 inter
1313 3605 1502 3686 magistrum

240 3711 424 3794 Philippum
456 3710 558 3772 filium
588 3710 710 3771 Paridis
745 3723 775 3771 et
807 3709 936 3770 Martini
965 3707 1041 3769 dicti
1073 3709 1208 3791 Reyniz,
1239 3725 1370 3791 propter
1394 3710 1500 3772 ardui·

239 3832 336 3880 tatem
371 3837 464 3880 cause
501 3831 531 3878 et
565 3817 758 3898 paucitatem
794 3816 969 3893 semorum,
1005 3815 1044 3876 ad
1070 3829 1143 3877 octo
1181 3815 1249 3876 dies
1284 3816 1501 3897 judicandam,

239 3925 370 4007 ipseque
396 3923 551 3985 Martinus
575 3923 677 4005 ipsam
701 3941 828 3984 causam
852 3922 883 3983 in
915 3923 1037 3983 curiam
1069 3942 1176 3985 coram
1210 3924 1304 3985 nobis
1328 3927 1502 4006 assumpsit

237 4029 454 4110 judicandam.

343 4133 419 4196 Item
444 4136 555 4197 Kurko
579 4148 705 4196 tenetur
733 4134 905 4196 reformare
938 4135 970 4196 id
994 4135 1084 4216 quod
1115 4135 1248 4217 dampni
1282 4149 1365 4198 esset
1388 4136 1500 4198 domui

237 4242 363 4324 lapidee
389 4242 486 4302 Marci
511 4241 566 4303 lilii
593 4242 710 4302 Donati
736 4255 766 4303 et
789 4241 937 4302 ordinare
961 4242 1098 4304 canales.

343 4344 420 4409 Item
445 4367 538 4409 causa
563 4366 625 4428 que
650 4346 782 4408 vertitur
805 4347 886 4407 inter
914 4347 1147 4409 Lanchelotum
1173 4362 1205 4409 et
1228 4349 1429 4410 Demetrium
1454 4363 1500 4410 est

237 4466 406 4534 prorogata
430 4453 470 4514 ad
494 4453 636 4534 primum
660 4452 828 4533 judicium.

341 4556 419 4620 Item
444 4572 559 4620 octavo
583 4559 634 4619 die
659 4559 771 4620 Kauka
800 4571 866 4620 met
888 4571 975 4620 sexta
998 4572 1124 4621 tenetur
1149 4573 1259 4621 contra
1282 4560 1420 4621 Elenam
1444 4560 1499 4620 de·

237 4682 356 4745 ponere
381 4664 609 4726 iuramentum.

341 4769 418 4832 Item
443 4784 557 4832 octavo
581 4770 633 4832 die
658 4771 782 4833 Blasius
806 4790 879 4832 cum
909 4771 1011 4833 tribus
1033 4772 1168 4833 testibus
1192 4790 1287 4853 super
1310 4771 1497 4833 verberibus

304 4886 345 4947 tra
368 4875 578 4938 Benedictum
601 4888 727 4938 tenetur
751 4888 936 4958 protestare.
