3488 5250
282 331 344 410 246
662 330 859 409 Ann01562.
883 366 925 376 —
953 346 1006 408 29.
1030 335 1198 394 novembris.

281 542 386 624 ipsum
412 543 530 604 cultam
554 556 650 623 prout
673 562 729 624 per
753 542 855 625 ipsam
881 540 977 604 suerit
1005 556 1203 624 assumptum
1228 556 1259 604 et
1275 562 1418 605 asserens
1441 544 1546 625 ipsum

280 648 488 709 condiciones
511 667 619 709 coram
643 647 814 730 primitivis
830 646 1052 709 architriclinis
1069 667 1230 729 expressas
1254 633 1431 730 infregisse,
1456 648 1544 711 idem

282 755 431 815 Marenus
456 753 488 815 in
513 772 625 815 eorum
649 753 813 834 presencia
837 753 1058 835 assumpsisset
1081 752 1213 815 firmiter
1237 753 1458 835 assumpsisset
1481 755 1545 815 sin·

280 859 364 941 gulis
387 860 480 921 annis
506 860 608 942 ipsam
633 860 760 921 vineam
785 862 867 921 bene
899 859 1015 937 colere,
1046 873 1122 942 puta
1146 879 1212 921 uno
1244 878 1330 922 anno
1355 860 1403 921 bis
1427 861 1546 922 etalio

280 979 327 1027 ter
351 966 538 1047 ligonizare,
563 966 650 1047 quod
676 966 701 1026 si
726 984 792 1027 non
817 963 933 1026 iaceret
958 984 997 1027 eo
1021 964 1105 1028 facto
1137 966 1263 1028 cederet
1286 987 1304 1028 a
1328 965 1396 1046 jure
1421 981 1452 1029 et
1475 987 1547 1049 pro·

281 1071 416 1153 prietate
433 1072 526 1133 vinee
551 1072 707 1149 eiusdem,
733 1084 763 1132 et
787 1071 853 1153 ipsa
878 1085 992 1133 extunc
1018 1072 1049 1133 in
1073 1072 1254 1134 dominium
1279 1073 1378 1154 ipsius
1402 1074 1546 1135 mulieris

281 1177 416 1238 omnino
441 1188 654 1239 convertetur.

386 1283 465 1344 Item
490 1284 565 1365 quia
590 1283 698 1345 relicta
725 1283 889 1345 Benedicti
913 1285 1134 1346 testimonium
1166 1286 1253 1367 quod
1279 1300 1388 1349 contra
1409 1306 1546 1349 uxorem

282 1389 411 1450 Martini
429 1407 558 1450 mosnar
575 1388 752 1470 producere
781 1403 993 1472 assumpserat
1009 1410 1075 1452 non
1091 1391 1252 1472 produxit,
1278 1392 1350 1454 ideo
1368 1395 1400 1454 iu
1418 1392 1546 1455 duobus

281 1494 409 1575 judiciis
432 1496 594 1557 remansit.

387 1601 465 1662 Item
491 1621 584 1662 causa
616 1619 679 1684 que
711 1602 844 1665 vertitur
874 1603 956 1665 iuter
988 1603 1089 1685 ipsam
1121 1623 1252 1665 uxorem
1284 1604 1414 1666 Martini
1438 1618 1469 1667 et
1491 1624 1546 1686 ge·

281 1726 394 1768 nerum
418 1707 527 1768 relicte
552 1709 693 1789 predicte
717 1722 764 1770 est
788 1709 828 1769 ad
852 1722 926 1770 octo
951 1708 1019 1770 dies
1042 1709 1082 1770 ad
1107 1728 1219 1791 pacem
1243 1724 1424 1791 prorogata.

387 1813 463 1875 Item
489 1814 597 1876 relicta
622 1815 750 1876 Martini
776 1814 912 1875 Zelezen
937 1827 1045 1875 contra
1070 1834 1224 1896 generum
1248 1835 1341 1876 suum
1366 1816 1472 1898 primo
1503 1816 1546 1876 ci·

282 1932 345 1980 tata
370 1938 435 1980 non
461 1921 651 2002 comparuit.

388 2025 466 2086 Item
500 2045 592 2087 causa
618 2025 773 2087 Iohannis
797 2025 854 2087 filii
879 2026 955 2088 Iuan
982 2039 1013 2086 et
1033 2027 1141 2088 Petres
1165 2041 1211 2088 est
1235 2027 1274 2088 ad
1299 2027 1440 2108 primum
1463 2026 1547 2107 judi·

281 2131 367 2193 cium
394 2145 573 2212 prorogata.

388 2237 465 2298 Item
492 2236 672 2318 Stephanus
697 2238 860 2299 Lourandi
885 2252 1013 2320 recepto
1029 2239 1091 2300 sibi
1114 2239 1251 2300 termino
1275 2251 1385 2300 contra
1410 2237 1547 2321 Mykech

280 2343 419 2423 judicem
445 2363 511 2404 non
535 2343 714 2424 comparuit
738 2363 796 2405 nec
820 2345 917 2423 venit,
942 2345 1009 2427 ipse
1038 2364 1115 2405 vero
1140 2344 1276 2426 Mykech
1308 2344 1402 2425 judex
1427 2363 1546 2426 propo·

280 2450 343 2511 suit
367 2463 476 2510 contra
501 2449 606 2530 ipsum
630 2448 718 2530 quod
744 2448 830 2510 idem
856 2449 900 2511 St.
925 2450 966 2511 ad
990 2450 1123 2513 domum
1147 2470 1249 2530 suam,
1272 2450 1393 2512 scilicet
1417 2451 1545 2512 stubam

281 2555 474 2633 balnealem,
503 2556 670 2616 temerarie
695 2555 832 2617 venisset
859 2570 890 2616 et
922 2560 1019 2618 fracta
1048 2556 1159 2634 domo,
1182 2555 1348 2619 hominem
1381 2575 1474 2618 suum
1505 2556 1546 2617 ad

281 2663 384 2722 visum
409 2661 523 2742 judicis
547 2662 722 2723 enormiter
746 2663 949 2725 verberasset.

387 2768 465 2830 Item
497 2766 643 2828 Thomas
678 2766 818 2829 frenator
850 2767 900 2828 die
936 2769 969 2829 in
1005 2770 1142 2849 presenti
1175 2780 1284 2829 contra
1317 2768 1480 2830 Donatum
1514 2781 1546 2829 et

283 2873 396 2935 Katam
423 2887 457 2935 ut
481 2887 694 2955 assumpserat
718 2874 911 2955 respondere
933 2874 1080 2953 debebat,
1106 2889 1137 2937 et
1160 2894 1226 2936 non
1251 2875 1339 2935 venit
1362 2894 1421 2935 nec
1446 2873 1543 2937 misit.

387 2979 464 3040 Item
490 2978 635 3040 Thomas
659 2979 815 3040 litteratus
839 2995 947 3042 contra
974 2981 1062 3062 Mykl
1092 2981 1197 3062 primo
1222 2980 1335 3041 citatus
1365 3000 1431 3041 non
1455 2999 1544 3042 com·

281 3086 397 3168 paruit.

387 3192 465 3251 Item
490 3192 594 3273 primo
611 3191 731 3272 judici0
741 3192 886 3254 Donatus
903 3207 933 3253 et
951 3193 1086 3253 Peterko
1104 3191 1267 3253 debebunt
1283 3189 1449 3252 testificare
1463 3191 1544 3272 quid

282 3297 382 3357 scient
405 3297 486 3357 inter
510 3296 653 3358 relictam
679 3298 772 3359 Sosse
797 3311 828 3359 et
852 3298 958 3358 Petres
982 3316 1018 3358 ac
1041 3296 1219 3359 Iohannem
1245 3296 1380 3357 condam
1406 3297 1544 3360 comitis.

387 3401 464 3462 Item
490 3402 565 3463 Iicet
588 3401 674 3464 fiIIus
697 3404 759 3464 Iuk
784 3403 869 3464 Mike
894 3403 1029 3480 citasset,
1053 3416 1160 3464 tamen
1177 3422 1243 3463 non
1267 3403 1355 3463 venit
1371 3422 1429 3464 nec
1447 3403 1545 3466 misit.

389 3507 466 3568 Item
491 3507 621 3590 Mathey
646 3521 735 3570 sutor
765 3523 873 3569 contra
905 3508 1069 3569 Andream
1101 3506 1226 3569 fabrum
1258 3509 1400 3570 secundo
1431 3510 1547 3571 citatus

283 3633 349 3674 non
377 3613 565 3694 comparuit.

341 3848 439 3922 Ferin
467 3852 574 3921 tercia
601 3853 758 3939 proxima
787 3859 864 3922 ente
893 3850 1016 3922 festum
1045 3851 1134 3921 beati
1164 3845 1293 3921 Andree
1322 3851 1477 3938 apostoli.

766 4016 829 4077 (29.
860 4003 1047 4076 novembris).

387 4141 464 4203 Item
489 4141 594 4223 primo
625 4140 745 4223 judicio
777 4140 934 4202 adventus
962 4140 1078 4222 Mykus
1109 4141 1141 4201 iu
1173 4141 1379 4222 Zagrabiam,
1405 4141 1543 4223 Mykech

281 4245 375 4327 judex
398 4266 455 4328 per
478 4248 583 4329 ipsum
607 4247 722 4329 Mykus
747 4259 778 4308 et
801 4247 967 4308 domiuum
991 4264 1082 4307 suam
1106 4259 1215 4309 contra
1233 4247 1322 4308 Rade
1346 4265 1442 4330 super
1458 4248 1542 4310 vitu·

281 4351 378 4432 petiis
400 4353 620 4414 testImonium
645 4352 812 4435 producet.

388 4457 466 4519 Item
492 4459 600 4520 Mareu
626 4459 768 4519 secundo
792 4458 906 4519 citatus
935 4473 1043 4520 contra
1069 4459 1249 4520 Iohannem
1274 4460 1451 4521 Barbarum
1476 4477 1544 4521 non

283 4563 469 4644 comparuit.

387 4668 465 4730 Item
500 4668 693 4732 Benedictus
723 4669 853 4752 seIIipar
888 4683 997 4732 contra
1033 4670 1120 4754 Span
1155 4670 1296 4733 secundo
1329 4671 1442 4733 citatus
1476 4690 1544 4734 nou

282 4773 472 4855 comparuit.
