3488 5250
278 1395 386 1489 Nota,
415 1399 510 1497 quod
539 1421 631 1474 anno
660 1397 805 1474 Domini
826 1396 992 1475 MCCCL
1011 1399 1146 1498 quinto,
1178 1405 1346 1498 tempore
1376 1397 1546 1472 Anthonii

297 1522 411 1598 udicis
438 1523 568 1613 nostri,
597 1521 688 1597 feria
717 1530 822 1598 sexta
841 1521 1005 1622 proxima
1037 1528 1122 1596 ante
1150 1521 1362 1597 dominicam
1392 1520 1548 1596 Remini·

500 1668 603 1721 scere
630 1652 757 1743 notate
794 1651 877 1720 sunt
904 1644 1073 1720 acciones
1102 1644 1337 1720 causancium.

800 1806 863 1881 (²7·
879 1805 1052 1879 stomaro).

395 1964 503 2026 Primo
525 1963 678 2024 Nicolaus
703 1962 829 2024 Kordar
846 1976 956 2025 contra
972 1962 1173 2024 Demetrium
1201 1963 1383 2024 sellatorem
1409 1963 1447 2024 ad
1477 1976 1550 2023 octo

289 2069 357 2131 dies
380 2083 505 2131 tenetur
530 2068 734 2150 respondere.

390 2174 467 2236 Item
499 2174 608 2236 relicta
636 2173 798 2235 Pochilice
831 2187 939 2235 contra
971 2173 1135 2235 Andream
1167 2173 1269 2255 prima
1304 2173 1459 2235 citacione
1484 2192 1549 2235 non

284 2281 474 2361 comparuit.

388 2386 466 2447 item
491 2385 621 2447 Lachko
646 2398 755 2446 contra
779 2383 954 2446 Martinum
977 2382 1158 2446 seilatorem
1184 2384 1224 2446 ad
1241 2399 1313 2446 octo
1339 2383 1407 2446 dies
1423 2396 1550 2447 tenetur

286 2491 521 2574 perhemptorie
546 2490 748 2573 respondere.

390 2596 467 2659 Item
493 2616 587 2658 causa
612 2615 676 2677 que
703 2596 836 2657 vertitur
869 2596 951 2658 inter
983 2596 1104 2658 dictum
1129 2597 1315 2674 Martinum,
1339 2609 1374 2657 ut
1397 2609 1550 2672 actorem,

286 2716 318 2764 et
340 2703 511 2764 Nicolaum
536 2701 658 2762 dictum
682 2701 808 2762 Kordar
832 2701 873 2764 ad
897 2715 976 2763 octo
999 2700 1067 2762 dies
1098 2715 1145 2762 est
1168 2717 1337 2784 prorogata
1361 2700 1402 2763 ad
1427 2720 1549 2783 pacem,

283 2809 334 2870 vel
358 2808 508 2891 quitquid
533 2807 647 2869 eodem
681 2807 733 2868 die
766 2806 851 2868 idem
886 2807 1041 2890 Martinus
1071 2807 1112 2868 ad
1144 2806 1239 2869 fidem
1272 2807 1428 2889 reciperit,
1463 2806 1550 2868 idem

287 2916 440 2977 Nicolaus
462 2913 623 2976 tenebitur
645 2914 845 2993 subportare.

386 3019 463 3081 Item
496 3018 681 3100 Gregorius,
705 3017 790 3079 filius
814 3018 954 3101 Mathey,
986 3018 1129 3080 exhibuit
1161 3019 1254 3080 nobis
1284 3019 1391 3081 literas
1422 3034 1546 3081 nostras

282 3123 534 3188 confirmatorias
557 3143 652 3206 super
683 3123 825 3204 quodam
856 3121 958 3184 fundo
990 3122 1096 3184 eidem
1120 3121 1285 3204 Gregorio
1303 3123 1545 3200 confirmato,e

283 3248 438 3292 converso
461 3229 635 3306 Johannes,
659 3229 715 3310 qui
739 3229 899 3289 asserebat
922 3247 956 3289 se
979 3246 1081 3308 nepos
1103 3228 1224 3291 Vrbani
1248 3230 1431 3308 sacerdotis,
1456 3230 1547 3291 cuius

283 3336 434 3398 inantea
465 3337 532 3417 ipse
556 3333 675 3395 fundus
706 3348 781 3410 erat,
814 3334 905 3395 cuius
940 3332 1143 3395 medietatem
1176 3334 1243 3415 ipse
1275 3334 1436 3396 Johannes
1459 3335 1547 3396 testi-

281 3443 393 3504 monio
417 3442 606 3522 comprobat
630 3459 696 3501 esse
720 3457 825 3517 suum,
851 3439 938 3500 etsie
962 3417 1171 3517 decrevimus,
1188 3439 1276 3520 quod
1299 3442 1365 3521 ipse
1383 3439 1547 3502 Johannes

282 3548 488 3610 medietatem
513 3546 659 3608 omnium
677 3547 836 3606 bonorum
859 3544 958 3626 ipsius
974 3544 1094 3605 Vrbani
1110 3544 1284 3606 sacerdotis
1308 3546 1367 3627 ipsi
1386 3545 1546 3627 Gregorio

285 3653 445 3734 assignare
471 3652 618 3734 promisit
643 3670 743 3733 usque
775 3650 965 3732 quindenas,
988 3651 1014 3711 si
1039 3650 1210 3712 concordia
1234 3650 1301 3712 fieri
1325 3652 1442 3734 poterit
1466 3652 1548 3713 inter

283 3772 397 3840 partes,
421 3757 556 3841 fecimus
578 3757 754 3838 prorogari.

386 3864 463 3925 Item
500 3863 629 3945 Endrey
664 3862 757 3924 Zuizt
789 3874 899 3923 contra
933 3861 1101 3943 Alspecam
1139 3861 1241 3943 prima
1283 3861 1437 3922 citacione
1480 3880 1552 3922 non

281 3969 472 4051 comparuit.

387 4074 600 4135 Item-Mareu
625 4085 734 4133 contra
759 4071 923 4132 Emricum
956 4070 1135 4133 carnificem
1164 4072 1267 4154 prima
1299 4072 1455 4132 citacione
1479 4091 1546 4132 non

283 4180 472 4262 comparuit.

387 4285 465 4346 item
480 4303 558 4344 uxor
572 4283 732 4345 Vidonich
744 4297 854 4345 contra
864 4283 984 4344 Rosam
997 4283 1100 4364 prima
1111 4283 1265 4344 citacione
1276 4303 1342 4344 non
1356 4282 1546 4365 comparuit.

388 4391 466 4451 Item
484 4390 650 4468 Martinus,
674 4388 758 4451 filius
782 4388 949 4468 Anthonii‚
968 4390 1168 4470 proponebat
1192 4402 1301 4450 contra
1318 4407 1451 4449 uxorem
1469 4388 1544 4448 Bar-

283 4496 362 4557 berii
387 4515 481 4577 super
504 4493 562 4557 CC
595 4509 626 4558 et
655 4495 744 4556 mille
775 4493 905 4556 florenis
929 4495 961 4555 in
993 4513 1059 4556 uno
1090 4495 1207 4556 scrinio
1239 4494 1299 4555 sibi
1324 4513 1380 4576 per
1403 4492 1543 4554 eundem

285 4600 458 4664 Martinum
476 4601 642 4682 assignatis
666 4601 705 4662 ad
730 4600 935 4679 servandum,
959 4600 999 4662 de
1031 4601 1160 4682 quibus,
1184 4615 1219 4661 ut
1251 4600 1387 4676 dicebat,
1411 4599 1544 4660 minime

283 4706 344 4768 sibi
360 4707 555 4785 restituisset,
573 4727 589 4769 e
607 4726 761 4770 converso
774 4707 917 4789 predicta
931 4705 1062 4768 domina
1078 4705 1137 4767 sibi
1155 4705 1329 4767 terminum
1343 4704 1417 4766 dare
1433 4717 1543 4786 postu·
