3488 5250
282 392 346 455 294
504 394 505 397 ¹
686 362 772 432 Aano
794 371 885 451 1363.
908 407 952 419 -
975 371 1028 448 28.
1044 371 1130 452 Jidaei'.

388 585 466 647 Item
490 597 605 646 octavo
637 583 690 646 die
721 583 883 645 Fabianus
913 596 1022 646 contra
1053 584 1217 646 Trucham
1241 602 1298 667 per
1327 583 1426 645 filiam
1451 583 1548 644 Dam-

283 691 370 773 piani
394 690 540 752 woscbar
564 703 594 750 et
617 689 685 752 Cos
708 689 930 751 testimonium
947 700 1042 772 super
1066 689 1233 773 vituperiis
1248 690 1425 773 producere
1441 689 1549 753 debet.

387 795 469 858 ltem
491 795 697 857 commissum
732 808 789 874 est,
820 807 858 858 ut
888 795 913 856 ai
947 795 1058 857 Maren
1094 795 1224 877 iobagio
1256 794 1398 857 filiorum
1429 790 1548 857 Donati

284 901 422 964 Paulum
440 901 594 983 pictorem
619 900 696 962 alibi
714 900 813 963 verbo
830 899 971 963 offendet
994 901 1061 963 aive
1077 899 1172 979 lacto,
1197 914 1229 965 et
1245 901 1285 963 de
1308 900 1369 963 hoc
1392 899 1549 983 legittime

282 1008 401 1090 poterit
423 1020 580 1094 constare,
604 1019 719 1068 extunc
742 1006 775 1068 in
799 1005 920 1087 judicio
935 1006 1055 1094 'lingue
1079 1007 1267 1069 remanebit.
1464 1084 1466 1088 Α

389 1112 467 1175 ltem
492 1111 751 1174 Lehcumbaldar
774 1125 889 1173 octavo
913 1110 965 1173 die
989 1127 1100 1174 contra
1128 1112 1303 1174 Martinam
1326 1124 1468 1173 autorem
1492 1118 1550 1191 pet

283 1219 477 1301 lurglinum,
502 1218 675 1280 Miltlinum
699 1231 732 1279 et
754 1230 888 1279 uxorem
911 1234 1001 1280 auam
1020 1219 1241 1281 testimonium
1257 1224 1353 1300 super
1376 1234 1549 1279 unomen·

283 1324 341 1386 sali
365 1324 542 1408 producere
567 1324 673 1386 debet.
952 1401 953 1405 Ἰ

303 1494 308 1503 .
391 1429 469 1491 ltem
494 1429 625 1491 Luka'ch
649 1428 735 1490 filius
758 1430 888 1492 Morner
919 1430 1061 1492 secundo
1095 1431 1207 1492 citatus
1231 1442 1339 1492 contra
1364 1429 1549 1492 Cristanum

284 1554 350 1597 non
380 1536 569 1618 comparuit.

392 1640 469 1702 ltem
494 1654 608 1702 octavo
626 1641 678 1704 die
702 1641 768 1704 Cua
792 1646 902 1704 contra
918 1641 1083 1704 Andream
1100 1661 1157 1724 per
1172 1641 1351 1704 labronem
1377 1641 1549 1723 Kozarich,

225 1776 231 1785 ·
286 1746 422 1807 Paulum
448 1747 613 1829 pistorem,
638 1747 714 1810 luan
732 1746 834 1810 lilium
855 1749 956 1810 decan
973 1762 1005 1810 et
1022 1749 1195 1810 Martinam
1219 1747 1437 1810 testimonium
1454 1759 1551 1829 super

284 1852 472 1914 verberibus
499 1852 665 1935 producet.

391 1957 469 2019 ltem
494 1958 702 2039 quindecimo
728 1958 779 2020 die
801 1958 1006 2021 mandabitur
1021 1959 1150 2021 andree
1174 1959 1290 2020 Pulani
1315 1972 1349 2020 ut
1366 1968 1551 2038 compareat

285 2076 395 2125 contra
420 2063 600 2125 Jobannem
625 2064 852 2125 stationarium
878 2078 909 2125 et
932 2063 1045 2126 reddat
1075 2064 1237 2126 racionem
1262 2063 1301 2125 de
1325 2076 1391 2125 uno
1414 2064 1549 2126 floreno.

393 2168 471 2230 ltem
503 2188 597 2231 causa
631 2169 738 2230 Petres
769 2182 800 2230 et
828 2169 1005 2231 Martioech
1038 2169 1144 2231 estad
1178 2183 1251 2231 octo
1283 2169 1351 2232 dies
1374 2167 1415 2230 ad
1437 2174 1553 2249 pacem·

284 2284 467 2358 prorogata.

391 2379 468 2441 ltem
492 2393 607 2441 octavo
632 2378 684 2440 die
709 2377 820 2439 Petrus
844 2378 920 2440 Jaxe
950 2380 1067 2460 jurabit
1091 2393 1201 2442 contra
1233 2379 1369 2441 Paulum
1393 2378 1549 2461 pictorem

285 2504 454 2567 supereo,
478 2483 567 2566 quod
591 2482 728 2544 vitulum
753 2501 846 2544 suum
870 2484 1047 2547 interficere
1074 2505 1139 2548 non
1165 2484 1275 2549 fecerit
1298 2500 1356 2547 nec
1380 2480 1550 2547 violaverit

285 2610 341 2673 per
367 2609 471 2651 canes.

393 2694 471 2755 ltem
495 2707 609 2755 octavo
634 2692 686 2753 die
711 2694 848 2755 lacobus
871 2695 999 2756 Zirotka
1017 2697 1228 2778 quantitatem
1251 2696 1383 2779 dampni
1406 2695 1466 2757 sibi
1491 2714 1551 2777 per

285 2815 401 2883 pecora
426 2814 457 2861 et
480 2797 631 2860 animalia
655 2799 687 2859 in
712 2817 814 2860 avena
836 2819 893 2861 sua
925 2801 1046 2863 illatam
1080 2801 1144 2863 fide
1167 2822 1223 2863 rua
1256 2801 1416 2864 mediante
1440 2800 1548 2863 decla·

287 2906 379 2983 rabit,
403 2903 491 2986 quod
516 2903 601 2965 idern
627 2904 772 2965 Donatus
796 2905 857 2966 sibi
882 2906 1045 2968 exsolvere
1070 2907 1209 2970 debebit.

454 3136 551 3209 Faria
578 3143 676 3209 sexta
705 3146 782 3211 ante
810 3138 933 3213 lectum
960 3142 1123 3215 Dominicl
1153 3144 1365 3216 confessoris.

829 3291 894 3369 (28.
911 3295 1009 3371 jultt).

395 3427 503 3489 Primo
534 3447 627 3490 causa
659 3428 825 3493 Michaelis
857 3431 936 3494 fabri
968 3447 999 3494 et
1031 3434 1076 3496 St.
1107 3436 1211 3496 taskar
1242 3436 1282 3497 ad
1306 3449 1379 3497 octo
1403 3435 1472 3498 die‘s
1506 3448 1556 3499 est

290 3546 459 3614 prorogata
483 3532 523 3594 ad
547 3552 668 3614 pacem.

395 3637 473 3698 Item
497 3652 610 3700 octavo
634 3640 686 3700 die
718 3641 916 3722 Margaretha
948 3663 981 3704 se
1004 3645 1101 3706 tercia
1133 3658 1242 3709 contra
1267 3645 1404 3708 lancech
1428 3646 1556 3710 Ztrela'r

289 3761 384 3825 super
407 3760 457 3819 eo,
481 3744 569 3824 quod
591 3745 696 3827 ipsum
720 3763 784 3807 non
802 3748 1031 3831 vituperaverit
1049 3769 1107 3811 nec
1124 3765 1260 3832 puerum
1285 3771 1378 3812 suum
1402 3753 1556 3815 verbera·

290 3848 371 3909 verit
394 3846 607 3926 juramentum
633 3850 782 3933 deponet.

396 3951 474 4013 ltem
497 3972 591 4014 causa
615 3954 738 4017 domini
764 3958 893 4020 Martini
926 3960 1051 4042 Reyniz
1082 3975 1190 4023 contra
1217 3962 1303 4024 Milte
1334 3976 1381 4024 est
1404 3963 1445 4024 ad
1477 3978 1559 4030 octo

291 4055 359 4118 dies
382 4070 551 4138 prorogata
576 4060 615 4120 ad
640 4080 761 4142 pacem.

396 4160 474 4222 Item
499 4163 621 4225 Munko
645 4163 733 4228 faber
757 4181 866 4229 contra
899 4170 987 4231 Banlr
1019 4171 1217 4234 sacerdotem
1241 4174 1281 4234 ad
1313 4187 1385 4235 octo
1409 4173 1481 4235 dies
1505 4184 1560 4239 te-

291 4266 374 4347 cepit
397 4269 569 4329 terminum
594 4271 820 4352 respondendi.

397 4371 474 4434 Item
499 4392 592 4436 causa
621 4376 790 4459 Dampiani
823 4379 939 4441 sutoris
971 4394 1002 4443 et
1027 4382 1155 4444 Kokotb
1178 4398 1225 4445 est
1248 4384 1289 4445 ad
1320 4396 1393 4445 octo
1417 4384 1489 4447 dies
1513 4386 1561 4451 ad

292 4493 403 4556 pacem
424 4494 604 4558 prorogata.

399 4580 476 4642 ltem
499 4584 524 4644 si
549 4603 651 4666 usque
675 4583 786 4648 feriam
809 4588 982 4651 secundam
1005 4589 1144 4653 futuram
1169 4592 1307 4655 Michael
1330 4593 1461 4656 lectoria
1485 4614 1561 4661 me·

293 4681 366 4743 dico
390 4683 590 4751 Clementem
615 4690 766 4752 clericum
790 4692 973 4774 medicanti,
1005 4712 1153 4758 necnon
1185 4711 1215 4759 et
1239 4698 1299 4780 ipsi
1323 4695 1490 4765 Clementi
1514 4703 1563 4771 ds

296 4784 303 4798 ‘
335 4786 412 4851 licio
435 4791 617 4856 adiudicato
641 4792 820 4871 satisfaciet,
845 4797 926 4859 bene
954 4799 1104 4881 quidem,
1128 4802 1272 4884 alioquin
1296 4821 1356 4885 pto
1379 4807 1564 4890 empcione
