3488 5250
608 334 807 414 Anno1365.
830 370 874 380 -
898 350 947 396 12.
971 335 1132 395 decembris.
1430 347 1497 413 ‘355

343 549 420 616 Item
437 548 534 611 luena
568 547 674 609 relicta
707 546 853 628 preconis
885 547 910 609 J.
942 558 1057 608 octavo
1085 546 1136 607 die
1167 559 1293 607 tenetur
1323 544 1500 628 producere

235 655 455 720 testimonium
474 669 583 723 contra
601 654 744 714 relictam
762 652 913 734 Symonis
937 652 1013 713 dicti
1031 650 1196 713 Sternicha
1214 670 1309 732 super
1328 650 1499 732 vituperiis.

342 759 420 822 Item
445 759 604 842 Georgius
632 757 716 820 filius
749 758 829 819 Zuik
861 757 1104 839 quintodecimo
1136 756 1187 818 die
1212 757 1307 820 debet
1344 756 1419 818 dare
1443 756 1501 817 Pe-

236 880 327 928 treno
352 866 438 936 dicto
464 868 601 948 Mekyna
626 866 655 926 X
680 865 816 926 cubulos
840 864 931 943 milii,
954 863 1044 945 quod
1068 863 1108 925 ad
1132 862 1228 924 fidem
1255 861 1383 944 recepit.

343 972 419 1041 Item
445 973 519 1044 Kun
545 969 672 1054 pellifex
698 969 869 1051 assumpsit
891 968 1111 1032 testimonium
1137 968 1295 1030 adducere
1319 980 1428 1029 contra
1452 987 1501 1029 re-

236 1077 344 1157 lictam
369 1077 495 1153 Mikech
519 1076 576 1138 filii
591 1076 687 1138 Semlr
708 1095 764 1157 per
783 1074 1003 1155 Lancelotum,
1030 1088 1099 1136 tum
1125 1074 1255 1155 quando
1273 1074 1389 1147 veniet,
1406 1092 1501 1154 super

236 1183 422 1244 verberibus
446 1183 560 1244 ancille
585 1201 651 1244 sue.

343 1288 420 1350 ltem
445 1289 611 1350 Emericus
635 1285 775 1348 carnifex
799 1303 908 1349 contra
934 1288 967 1351 P.
994 1289 1112 1369 Loytta
1136 1287 1238 1369 prima
1262 1287 1418 1347 citacione
1436 1305 1501 1346 non

237 1395 426 1476 comparuit.

343 1500 421 1563 Item
446 1499 545 1561 Wole
578 1497 760 1580 lucifigulus
793 1512 901 1560 contra
936 1501 961 1561 J.
994 1499 1096 1581 prima
1129 1499 1285 1561 citacione
1317 1517 1381 1561 non
1414 1515 1501 1558 com-

238 1606 353 1688 paruit.

345 1712 423 1773 ltem
448 1711 621 1793 Dyonisius
638 1713 858 1774 testimonium
883 1712 1034 1793 produxit
1051 1726 1159 1773 contra
1177 1709 1290 1791 Artuig
1313 1729 1385 1771 cum
1404 1709 1502 1770 Trost

237 1815 328 1883 fabro
355 1832 385 1880 et
410 1817 538 1880 Thomu
564 1818 761 1880 viceootario
785 1836 880 1900 super
911 1816 994 1879 iacto
1019 1817 1243 1900 percussionis,
1277 1835 1334 1898 pro
1359 1834 1422 1896 qua
1446 1814 1500 1875 ad·

238 1924 451 1985 iudicavimus
476 1938 510 1984 ut
545 1924 577 1984 in
602 1924 774 2005 quindenis
802 1923 907 1984 eidem
941 1922 979 1985 D.
1005 1923 1084 1983 duas
1115 1942 1236 1983 marcas
1260 1935 1291 1983 et
1314 1920 1411 2000 judici
1436 1939 1501 1980 me·

238 2029 323 2090 diarn
349 2030 460 2091 solvet.

343 2136 420 2196 ltem
446 2140 538 2196 Anna
564 2136 672 2197 relicta
699 2137 740 2197 M.
765 2134 822 2196 lilii
848 2135 944 2197 Semk
968 2148 1077 2196 contra
1103 2134 1244 2197 Gueram
1272 2133 1312 2195 ad
1337 2147 1410 2194 octo
1435 2132 1503 2193 dies

237 2254 362 2304 tenetur
386 2241 590 2325 respondere.

344 2347 422 2424 ltem
447 2348 489 2408 M.
513 2348 650 2408 condam
667 2346 763 2427 judex
781 2347 821 2407 ad
846 2367 904 2408 nos
925 2346 1086 2408 veniendo
1104 2344 1163 2406 luit
1181 2359 1375 2426 conquestus
1392 2359 1501 2407 contra

238 2452 335 2515 Wole
359 2467 524 2531 sartorem,
550 2452 637 2534 quod
662 2453 729 2533 ipse
754 2452 892 2515 eundem
918 2451 1072 2514 enormiis
1104 2451 1270 2532 vituperiis
1293 2451 1502 2532 vituperasset

238 2573 269 2621 et
292 2559 461 2639 evaginato
488 2560 604 2620 bicello
636 2578 730 2639 super
762 2578 834 2620 eum
867 2558 1024 2635 irruisset,
1048 2558 1088 2619 de
1120 2576 1185 2640 quo
1209 2556 1366 2638 justiciam
1398 2554 1501 2618 iacere

238 2666 382 2739 volentes
405 2665 446 2727 ad
470 2666 666 2747 presenciam
688 2665 788 2726 nostri
807 2664 946 2726 eundern
964 2664 1160 2741 vocavimus,
1185 2662 1374 2744 quiquidem
1392 2676 1502 2723 contra

238 2771 341 2852 ipsum
367 2785 510 2831 nostrum
536 2770 723 2831 mandatum
746 2770 856 2831 venire
880 2789 945 2830 non
969 2769 1101 2838 curavit.

316 3006 414 3079 Feria
441 3018 539 3079 sexta
567 3011 722 3097 proxima
751 3018 829 3079 ante
857 3008 978 3079 festum
1006 3009 1103 3078 beate
1132 3007 1228 3078 lucie
1256 3008 1410 3094 virginis.

739 3171 801 3236 (12.
825 3158 999 3235 decembris).

325 3290 421 3361 vltem
447 3300 556 3361 Mareu
582 3300 634 3360 die
659 3313 772 3360 octavo
797 3313 906 3360 contra
930 3298 1043 3380 Vyden
1069 3312 1194 3359 tenetur
1218 3298 1423 3379 respondere.

346 3405 424 3467 ltem
450 3404 610 3487 Georgius
634 3405 685 3466 die
709 3419 823 3467 octavo
847 3404 943 3466 debet
955 3404 1176 3466 testimonium
1199 3403 1376 3486 producere
1393 3415 1503 3465 contra

238 3512 450 3592 Peterlronem
473 3524 615 3574 sutorem
639 3530 695 3593 per
719 3511 855 3572 Paulum
881 3511 1094 3593 vigilatorem,
1112 3509 1309 3571 Domianum
1333 3528 1455 3570 woscar
1472 3522 1503 3583 et

239 3616 436 3678 Domianum
462 3617 608 3678 Bobnam
632 3636 727 3697 super
752 3615 835 3682 lecto
860 3615 1019 3697 vituperii.

344 3723 422 3786 Item
447 3721 586 3784 Michael
609 3721 693 3783 filius
719 3720 834 3784 Ortolfi
861 3723 912 3783 die
935 3736 1049 3783 octavo
1080 3735 1188 3784 contra
1214 3721 1260 3782 St.
1285 3718 1413 3782 fratrem
1439 3720 1504 3780 Lo·

238 3830 329 3905 randi
353 3843 479 3891 tenetur
503 3828 708 3908 respondere.

345 3935 422 4006 ltetn
446 3953 627 4015 causaque
658 3934 790 3996 vertitur
821 3934 903 3995 inter
936 3932 1074 3995 Jancech
1107 3946 1138 3994 et
1161 3932 1201 3992 N.
1226 3930 1266 3991 de
1292 3929 1424 4012 Dedych
1456 3945 1504 3993 est

237 4041 278 4116 ad
303 4055 376 4111 octo
401 4041 469 4101 dies
494 4053 619 4122 recepta
644 4039 683 4101 ad
708 4059 831 4121 pacem.

344 4147 420 4208 ltem
445 4146 485 4207 ad
509 4146 701 4227 peticionem
726 4146 840 4207 Petren
864 4164 957 4206 causa
984 4145 1104 4206 Mareni
1130 4158 1176 4205 est
1200 4143 1240 4204 ad
1265 4157 1337 4205 octo
1363 4142 1430 4202 dies
1455 4162 1502 4202 re·

238 4266 329 4334 cepta
353 4253 393 4313 ad
418 4271 540 4335 pacem.

345 4358 423 4419 ltem
456 4357 583 4420 Cristan
615 4357 666 4418 die
698 4370 812 4418 octavo
847 4355 944 4435 debet
982 4369 1048 4417 met
1078 4354 1195 4417 tercius
1225 4354 1387 4438 deponere
1419 4354 1502 4434 jura·

238 4477 383 4525 mentum
408 4477 516 4524 contra
542 4460 660 4524 Gracar
683 4481 778 4543 super
802 4460 886 4524 lacto
910 4462 1076 4523 cuiusdam
1101 4462 1253 4523 vulneris.

344 4568 421 4630 ltem
447 4567 487 4631 G.
521 4569 616 4629 Zolar
648 4581 757 4629 contra
790 4567 968 4650 Georgium
1000 4568 1152 4629 Prazicha
1182 4566 1322 4628 secunda
1346 4566 1502 4628 citacione

239 4694 305 4737 non
328 4675 519 4757 comparuit.

345 4781 423 4844 ltem
447 4781 482 4845 L.
505 4794 614 4843 contra
640 4782 776 4843 Kussam
793 4779 933 4843 secunda
954 4780 1109 4843 citacione
1134 4798 1200 4841 non
1224 4777 1414 4862 comparuit.

1392 4880 1406 4904 .
