3488 5250
599 359 685 415 Anno
707 356 798 433 1363.
823 392 867 402 -
890 373 937 418 11.
954 359 1105 434 januarii.
1433 372 1492 433 255

230 568 343 645 victus,
359 586 417 649 pro
434 566 552 647 quibus
574 567 628 628 ubi
646 585 720 628 eum
738 566 880 628 invenite
898 567 1024 649 poterit,
1050 584 1123 627 eum
1142 564 1333 647 prohibendi
1358 578 1390 626 et
1414 565 1493 628 deti·

231 673 329 733 nendi
357 672 488 733 habebit
511 670 703 734 facultatem.

339 778 416 840 Item
441 777 587 838 Nedelko
612 777 716 858 primo
741 777 853 839 citatus
885 790 994 839 contra
1019 782 1147 838 Annam
1171 797 1237 839 non
1262 777 1450 859 comparuit.

341 883 418 945 Item
437 873 583 944 Andreas
599 883 687 944 Iaber
704 897 812 944 contra
831 883 938 944 Endre
963 884 1068 965 primo
1085 883 1198 944 citatus
1224 903 1289 943 non
1307 882 1496 964 comparuit.

337 988 415 1050 Item
441 1008 534 1049 causa
559 987 714 1050 Iohannis
737 988 875 1049 Zakalus
899 1003 930 1049 et
947 989 1075 1050 Andree
1099 988 1139 1049 ad
1163 1003 1290 1050 octavas
1315 987 1393 1050 ferie
1410 1001 1495 1051 sexte

231 1107 276 1156 est
300 1107 482 1176 prorogata.

338 1200 417 1263 Item
442 1200 529 1261 Elias
562 1219 679 1283 parvus
710 1213 819 1261 contra
850 1199 993 1261 relictam
1029 1198 1209 1261 Lancoloth
1244 1199 1349 1283 prImo
1384 1199 1496 1261 citatus

230 1326 296 1368 non
321 1307 511 1388 comparuit.

334 1411 413 1473 Item
437 1409 565 1473 Cussilo
590 1424 700 1472 contra
725 1410 846 1493 Sydam
869 1410 974 1492 primo
999 1412 1112 1473 citatus
1135 1430 1202 1472 non
1227 1411 1415 1492 comparuit.

336 1516 414 1578 Item
439 1516 601 1578 Fabianus
624 1529 713 1578 sutor
737 1530 846 1578 contra
867 1516 1004 1579 Jancech
1021 1515 1099 1579 feria
1122 1531 1211 1580 sexta
1235 1517 1450 1600 respondebit.

334 1622 411 1683 Item
437 1622 559 1705 Symon
584 1636 692 1685 contra
716 1623 887 1684 Nicolaum
910 1624 1145 1705 carpentarium
1169 1623 1273 1705 primo
1293 1624 1406 1685 citatus
1427 1643 1493 1685 non

150 1759 153 1765 ·
232 1729 419 1811 comparuit.

335 1834 413 1896 Item
438 1833 559 1914 judices
583 1834 706 1915 antiqui
731 1833 965 1912 adjudicarunt,
991 1849 1025 1896 ut
1056 1847 1170 1896 octavo
1195 1834 1246 1895 die
1272 1834 1435 1896 Iohannes
1459 1834 1494 1896 fi-

230 1939 293 2001 lius
316 1939 484 2001 Laurencii
508 1959 540 2000 se
565 1939 724 2000 secundus
756 1955 865 2001 contra
891 1940 1065 2002 Martinam
1091 1940 1214 2022 Reanz
1247 1939 1373 2020 jurabit,
1406 1941 1494 2021 quod

231 2046 394 2127 quandam
419 2045 546 2106 vineam
577 2045 756 2107 temeritate
783 2045 911 2129 propria
937 2060 967 2107 et
991 2046 1138 2128 potencia
1170 2065 1236 2107 non
1268 2045 1495 2107 vindemiasset

231 2170 289 2212 nec
313 2150 480 2212 temerarie
504 2150 703 2212 vindemiare
729 2152 929 2228 mandassem
954 2152 1064 2214 vinum
1093 2171 1170 2213 vero
1196 2151 1295 2234 ipsius
1318 2151 1410 2213 vitree
1436 2152 1494 2234 ipsi

230 2257 371 2319 Martino
395 2269 441 2319 est
465 2255 696 2336 adjudicatum.

337 2362 415 2424 Item
440 2376 554 2424 octavo
579 2362 631 2423 die
655 2362 852 2424 Laurencius
883 2362 1021 2424 Vardich
1054 2377 1163 2424 contra
1195 2361 1298 2424 filiurn
1323 2362 1494 2444 Dampiani

229 2488 262 2530 se
287 2469 499 2530 duodecimus
523 2467 650 2549 jurabit,
675 2468 763 2549 quod
790 2468 822 2528 in
852 2483 954 2530 morte
980 2468 1091 2529 Maren
1115 2469 1337 2530 subsoIiatoris
1362 2469 1494 2531 minime

230 2574 390 2656 partIceps
414 2572 649 2656 quoquomodo
673 2588 766 2636 esset.

335 2681 410 2741 Item
437 2699 538 2761 usque
563 2679 742 2762 quindenas
768 2680 869 2741 Draxe
892 2692 956 2741 tres
970 2679 1038 2743 flor.
1063 2693 1188 2742 tenetur
1211 2681 1335 2742 solvere
1359 2679 1495 2743 Nicolao

231 2785 394 2848 Januensi.

335 2893 412 2954 Item
438 2891 516 2953 Ieria
540 2904 626 2953 sexta
644 2894 750 2975 Matey
767 2906 857 2954 sutor
872 2893 904 2953 in
923 2906 1026 2953 morte
1045 2893 1212 2954 cuinsdam
1236 2892 1348 2954 famuli
1365 2893 1494 2955 Andree

230 2996 310 3060 fabri
335 3019 368 3060 se
393 2998 604 3060 duodecimus
629 2997 881 3077 juramentaliter
905 2998 1000 3059 debet
1023 3018 1056 3060 se
1082 3017 1267 3080 expurgare.
1525 3072 1530 3078 Ι

337 3105 414 3167 Item
440 3117 554 3166 octavo
578 3103 629 3165 die
663 3105 819 3167 Martinus
850 3104 974 3186 Reyniz
1006 3118 1117 3166 contra
1149 3102 1249 3165 filium
1268 3103 1430 3178 ‹Anthonii
1461 3125 1494 3166 se

229 3212 388 3273 secundus
419 3211 553 3292 jurabit,
586 3210 675 3291 quod
706 3211 854 3271 universa
885 3210 1077 3272 lectisternia
1109 3209 1174 3272 filie
1207 3211 1305 3292 ipsius
1338 3210 1494 3272 Anthonii

230 3317 458 3378 extradedisset
482 3330 513 3377 et
536 3316 716 3397 specialiter
740 3316 903 3378 culcitram
936 3315 1063 3398 cyndati
1088 3336 1152 3377 non
1178 3316 1319 3379 haberet.

335 3422 413 3484 Item
439 3423 545 3483 Petres
579 3422 718 3484 carnifex
755 3423 860 3506 primo
895 3423 1009 3484 citatus
1044 3435 1154 3484 contra
1184 3423 1224 3483 N.
1257 3421 1395 3501 judicem
1428 3443 1493 3485 non

231 3530 419 3611 comparuit.

335 3635 412 3694 Item
439 3634 630 3696 Benedictus
654 3648 762 3696 contra
789 3634 885 3695 Jamri
910 3634 1052 3695 secundo
1077 3635 1191 3696 citatus
1216 3653 1281 3696 non
1305 3635 1493 3717 comparuit.

336 3738 413 3800 Item
440 3740 629 3802 universitas
646 3740 764 3801 civium
790 3753 820 3801 et
843 3754 910 3800 tota
927 3741 1141 3800 communitas
1165 3753 1291 3802 maturo
1316 3740 1493 3803 deliberato

230 3844 366 3906 consili0
392 3845 424 3905 id
449 3845 659 3907 deliberando
683 3845 835 3923 decrevit,
864 3846 950 3927 quod
985 3845 1059 3925 quia
1086 3846 1189 3926 platea
1222 3865 1331 3907 versus
1363 3865 1492 3927 parvam

229 3950 463 4031 portellandam
478 3951 612 4012 tendens
630 3965 759 4032 propter
775 3952 892 4012 solacia
906 3951 1105 4032 temporibus
1122 3951 1360 4032 emergentibus
1375 3950 1493 4027 fienda,

229 4054 374 4135 largitate
398 4057 510 4137 pocius
534 4075 631 4138 quam
655 4057 819 4118 strictitate
843 4056 1019 4138 plurimum
1054 4056 1186 4137 Indiget‚
1211 4057 1350 4119 maxime
1373 4058 1398 4117 si
1423 4071 1493 4137 gut-

228 4172 297 4222 tura
315 4160 505 4223 celariorum
522 4163 804 4223 subterraneorum
819 4162 1064 4224 extenderentur
1076 4163 1181 4244 platea
1198 4163 1229 4223 In
1248 4162 1370 4237 eadem,
1389 4163 1493 4243 platea

229 4265 297 4347 ipsa
322 4267 459 4328 nimium
484 4267 607 4328 astricta
625 4268 803 4344 videretur;
829 4268 925 4347 igitur
950 4269 1039 4329 Rade
1056 4269 1238 4350 pannicida,
1263 4270 1318 4350 qui
1343 4269 1383 4330 de
1407 4288 1493 4329 novo

229 4371 381 4433 celarInm
407 4386 588 4434 terraneum
615 4373 719 4454 platea
745 4374 776 4434 in
802 4374 914 4435 eadem
939 4375 1125 4452 construxit,
1151 4375 1183 4434 in
1216 4387 1361 4436 eternum
1386 4388 1494 4456 guttur

229 4477 330 4559 ipsias
354 4476 461 4538 celarii
486 4478 526 4539 ad
550 4477 633 4539 Iores
656 4481 826 4540 extendere
851 4498 915 4540 non
948 4481 1051 4541 valeat
1076 4499 1134 4541 nec
1159 4494 1387 4562 presumpmat.

757 4737 967 4773 ——x——
