3488 5250
624 354 826 434 Ann01365.
850 371 965 417 -12.
989 359 1116 432 augusti.

349 568 513 629 Predictus
536 580 643 629 autem
668 567 820 629 Nicolaus
845 566 961 628 eodem
995 566 1047 628 die
1071 580 1197 629 tenetur
1227 566 1395 632 testificare
1419 567 1507 648 quod

245 673 311 755 ipse
336 672 517 735 vulneravit
540 692 615 735 eum
639 691 734 755 super
756 693 799 736 se.

349 779 426 841 Item
451 779 560 841 relicta
585 777 686 841 Gocel
710 791 925 860 assumpserat
949 781 1085 860 probare
1117 793 1227 841 contra
1251 777 1388 841 Bartuch
1412 798 1508 863 super

244 884 431 947 redditione
456 882 619 962 frumenti,
643 884 717 945 ideo
742 883 817 965 quis
849 884 920 966 ipso
944 884 1082 945 termino
1114 884 1305 945 adveniente
1337 902 1403 945 non
1434 902 1507 964 pro·

242 990 338 1068 bavit,
370 1009 429 1051 nec
461 989 548 1051 venit
579 1009 637 1050 nec
668 989 770 1068 misit,
802 989 858 1051 ubi
891 989 924 1051 in
956 989 1084 1051 duobus
1114 991 1273 1051 conaveris
1303 988 1429 1069 judiciis
1460 1001 1508 1050 est

241 1095 398 1157 convicta.

347 1200 424 1263 Item
450 1201 612 1264 Guarinus
635 1216 761 1263 tenetur
785 1200 908 1263 solvere
940 1201 1078 1263 Arnolto
1108 1200 1176 1263 filio
1201 1200 1343 1264 Gracioli
1368 1213 1507 1281 quatuor

241 1326 356 1388 pensas
388 1308 593 1369 denariorum
634 1327 707 1368 cum
739 1326 825 1369 novo
859 1307 937 1368 vino
968 1308 1137 1389 autumpni
1168 1307 1324 1389 presentis
1354 1307 1395 1368 ita
1425 1306 1507 1367 sicut

240 1413 352 1475 vinum
377 1415 593 1476 communiter
617 1414 649 1476 in
673 1414 766 1475 alveo
791 1412 921 1490 valebit,
945 1413 1090 1495 alioquin
1116 1413 1201 1474 idem
1226 1412 1380 1473 Arnoltus
1404 1411 1442 1472 de
1460 1412 1505 1472 vi·

240 1519 325 1580 tibus
348 1520 441 1582 vinee
467 1520 526 1581 sibi
551 1518 679 1602 pignori
704 1516 847 1600 obligate
872 1537 905 1581 se
929 1515 1076 1580 solvendi
1100 1517 1231 1581 babebit
1254 1515 1449 1579 facultatem.

347 1643 424 1705 Item
458 1643 596 1704 Iacobus
626 1643 774 1704 sacerdos
805 1657 841 1704 ut
873 1658 960 1705 actor
992 1657 1102 1704 contra
1125 1642 1288 1703 Andream
1321 1638 1447 1702 fabrum
1472 1640 1504 1700 in

241 1749 383 1831 quodam
409 1747 506 1830 facto,
530 1768 586 1831 per
610 1750 715 1830 ipsum
732 1748 897 1810 Andream
921 1748 982 1810 sibi
1007 1747 1046 1809 ad
1075 1747 1204 1829 plenam
1228 1746 1435 1830 sponsionem
1460 1742 1505 1805 f-

241 1854 367 1933 cIendo,
393 1872 456 1916 non
483 1853 571 1917 venit
594 1872 654 1916 nee
676 1854 771 1917 misit.

347 1981 425 2042 Item
456 1979 601 2041 Andreas
632 1979 709 2041 feria
741 1980 837 2041 tercia
870 1979 965 2041 debet
996 1981 1131 2062 probare
1163 1992 1272 2039 contra
1303 1976 1503 2039 Demetrium

241 2106 336 2169 super
360 2087 418 2148 LX
443 2085 592 2149 denariis.

240 2323 334 2406 Nota,
363 2323 450 2414 quod
478 2323 564 2395 lerla
601 2324 709 2393 tercia
745 2324 1003 2411 proximasset
1039 2322 1162 2394 festum
1199 2323 1288 2393 beati
1317 2321 1501 2394 laurencii

767 2477 827 2549 (12.
852 2474 991 2550 augenti).

345 2615 453 2676 Primo
479 2614 565 2675 Elias
589 2628 698 2674 contra
715 2614 844 2675 Petrum
868 2613 908 2674 de
925 2611 1037 2674 Scalen
1059 2613 1099 2672 ad
1117 2627 1189 2675 octo
1206 2613 1274 2675 dies
1297 2614 1416 2697 recepit
1439 2627 1501 2675 ter·

239 2720 364 2782 minum
389 2720 428 2781 ad
454 2718 728 2801 respondendum.

345 2825 422 2887 Item
449 2825 557 2886 relicta
583 2825 767 2885 Pauletonis
799 2839 908 2886 contra
933 2825 1060 2888 Mikech
1084 2824 1187 2886 lilium
1212 2826 1340 2887 Markus
1363 2825 1405 2886 ad
1428 2839 1501 2887 octo

239 2931 309 2993 dies
331 2944 456 2992 tenetur
480 2929 576 3011 plene
599 2944 630 2991 et
654 2930 777 3010 integre
799 2930 1003 3012 respondere.

346 3037 423 3097 Item
449 3037 588 3099 Iacobus
611 3036 740 3097 Zirotka
770 3049 880 3099 contu
912 3037 1083 3099 Nicolaum
1115 3052 1268 3099 sartorem
1291 3038 1394 3120 prims
1425 3038 1500 3099 cita-

240 3137 332 3204 cione
356 3160 422 3202 non
447 3142 636 3222 comparuit.

346 3247 424 3309 Item
456 3247 563 3327 jurati,
592 3247 649 3327 qui
678 3244 807 3310 luerunt
838 3248 981 3331 deputati
1005 3249 1045 3310 ad
1077 3249 1253 3311 videndum
1285 3248 1499 3330 juramentum

238 3352 405 3413 cuiusdam
430 3353 484 3432 qui
510 3365 706 3433 percusserat
730 3353 880 3415 ancillam
894 3354 1021 3415 Mikech
1037 3353 1162 3435 judicis,
1187 3368 1299 3416 octavo
1324 3355 1376 3416 die
1400 3355 1499 3437 depo·

238 3458 368 3519 sicionis
393 3458 491 3538 ipsius
515 3457 684 3537 iuramenti
709 3473 857 3521 tenentur
881 3461 975 3521 nobis
998 3460 1150 3523 revelare.

343 3580 421 3641 Item
446 3579 565 3641 Finech
590 3581 629 3642 ad
661 3595 734 3643 octo
766 3582 835 3644 dies
858 3596 984 3645 tenetur
1015 3598 1188 3664 protestare
1221 3605 1277 3667 per
1307 3585 1497 3649 Michaelem

238 3686 353 3762 Vener,
379 3684 486 3746 Lachk
510 3699 541 3747 et
567 3687 739 3769 Esdreyko
769 3701 877 3749 eontra
911 3688 1089 3751 Iohannem
1122 3689 1223 3752 filium
1256 3689 1373 3753 Censet
1404 3713 1499 3775 super

237 3790 404 3871 vituperiis
427 3803 458 3851 et
482 3792 587 3852 verbis
611 3793 839 3874 opprobriosis.

342 3913 421 3975 Item
447 3913 583 3975 Michael
607 3915 691 3977 filius
716 3916 831 3979 Ortolfi
857 3933 966 3980 contra
995 3920 1168 3981 Martinam
1192 3933 1332 3982 sutorem
1355 3923 1497 3984 secundo

237 4020 350 4080 citatus
373 4037 438 4079 non
467 4022 656 4100 comparuit.

343 4140 420 4202 Item
446 4142 632 4204 Hermanlro
657 4143 743 4223 Kun,
769 4145 811 4207 St.
836 4159 936 4208 sartor
960 4160 990 4208 et
1010 4146 1171 4211 Iohannes
1194 4167 1322 4210 causam
1347 4166 1411 4231 que
1428 4170 1495 4212 ver·

236 4245 312 4307 titur
336 4247 417 4308 inter
441 4248 569 4310 Petrum
594 4249 695 4311 filium
722 4251 841 4313 Mathia
874 4266 904 4314 et
929 4254 1110 4332 Nicolaum,
1145 4274 1237 4316 causa
1261 4255 1301 4316 ad
1333 4270 1406 4319 octo
1430 4255 1498 4321 dies

238 4363 284 4413 est
307 4366 432 4434 recepta
457 4352 496 4414 ad
521 4373 642 4436 pacem.

342 4457 418 4518 Item
444 4458 550 4521 Venca
575 4480 654 4522 uxor
679 4462 723 4524 St.
749 4461 906 4525 HeruatIn
934 4478 1043 4526 contra
1067 4485 1199 4527 uxorem
1224 4467 1367 4530 Peronch
1393 4469 1497 4551 prima

237 4560 391 4622 citacione
416 4583 481 4624 non
508 4568 695 4648 comparuit.

343 4685 420 4747 Item
429 4687 559 4768 (Milech
573 4691 613 4751 de
622 4691 782 4754 Kraleuch
791 4694 960 4774 assumpsit
972 4694 1147 4775 producere
1157 4696 1377 4758 testimonium
1386 4712 1495 4760 contra

237 4789 362 4870 Iucech,
385 4793 533 4856 videIIcer
556 4795 718 4859 Videnum
735 4811 768 4860 et
791 4798 971 4862 Iohannem
987 4817 1082 4883 super
1099 4799 1183 4862 facto
1206 4800 1346 4864 duorum
1363 4803 1495 4865 bouum.
