3488 5250
655 381 741 437 Anno
765 392 853 456 1359.
879 413 921 422 -
947 391 992 454 15.
1009 378 1172 455 februarii.

367 591 444 652 Item
476 589 659 651 Anthonius
690 603 779 650 sutor
811 602 919 650 contra
952 588 1131 650 Fabianum
1163 601 1303 650 sutorem
1334 601 1447 650 octavo
1473 588 1524 650 die

261 717 317 778 per
341 696 520 757 Iohannem
545 694 647 756 filium
672 699 790 777 Aruey,
824 693 1053 773 Luchachium,
1082 695 1255 756 Martinum
1289 692 1468 755 carnificem
1494 706 1525 755 et

262 804 391 864 Petrum
418 803 538 863 Pruner
560 801 782 862 testimonium
806 820 901 882 super
921 801 949 861 X
966 801 1081 861 marcis
1104 813 1231 862 tenetur
1255 800 1443 882 producere,
1467 818 1524 880 pro

262 909 379 989 quibus
404 908 477 968 bina
502 907 570 968 vice
595 907 749 988 pugnavit
772 926 844 967 cum
870 926 919 968 e0.

367 1015 445 1075 Item
470 1012 585 1075 eodem
610 1013 662 1074 die
680 1013 766 1074 idem
783 1012 965 1074 Anthonius
989 1026 1054 1074 met
1070 1013 1186 1074 tercius
1203 1026 1234 1072 et
1251 1011 1413 1073 Iohannes
1436 1024 1525 1073 sutor

263 1120 411 1181 similiter
442 1119 654 1180 met-tercius
678 1132 786 1179 contra
816 1119 921 1200 ipsum
946 1119 1124 1180 Fabianum
1157 1138 1253 1200 super
1288 1117 1454 1200 vituperiis
1477 1117 1524 1199 ju·

263 1245 331 1287 rare
355 1239 514 1287 tenentur.

367 1331 445 1392 Item
469 1344 582 1392 octavo
607 1330 659 1392 die
692 1331 789 1391 Iunas
820 1330 949 1412 sellipar
978 1343 1087 1390 contra
1120 1328 1356 1390 Lancholotum
1381 1342 1446 1390 met
1477 1348 1524 1390 se-

264 1437 387 1499 cundus
412 1436 513 1516 jurare
538 1448 673 1497 tenetur.

368 1543 446 1604 Item
471 1543 579 1604 Petres
603 1540 743 1603 carnifex
775 1555 883 1603 contra
909 1541 1077 1603 Nicolaum
1104 1541 1252 1602 Todcam
1276 1540 1381 1623 primo
1413 1540 1526 1601 citatus

263 1668 328 1709 non
353 1649 541 1731 comparuit.

368 1755 445 1816 Item
471 1755 652 1816 Demetrius
676 1754 780 1836 Brayn
806 1767 915 1815 contra
941 1754 1017 1815 Iuan
1047 1753 1267 1816 Chidauchich
1292 1755 1396 1837 prImo
1413 1754 1526 1815 citatus

263 1881 327 1922 non
353 1861 541 1943 comparuit.

368 1967 445 2028 Item
471 1967 578 2028 Petras
611 1964 751 2027 carnifex
781 1979 889 2026 contra
926 1967 1052 2027 Kuuam
1077 1967 1181 2047 primo
1214 1967 1326 2028 citatus
1349 1987 1414 2028 nou
1439 1986 1525 2027 com-

262 2071 376 2155 paruit.

368 2179 446 2240 Item
473 2176 652 2239 Marfardus
676 2191 789 2239 octavo
815 2177 865 2238 die
889 2191 955 2239 met
974 2178 1091 2239 tercius
1114 2191 1223 2239 contra
1242 2179 1431 2240 Iakmonem
1449 2197 1525 2259 apo-

263 2285 417 2346 tecarium
442 2283 544 2364 jurare
569 2285 673 2346 debet.

368 2391 445 2452 Item
472 2391 601 2473 Mathey
626 2389 722 2452 frater
745 2390 850 2450 Vanse
875 2403 984 2452 contra
1010 2390 1139 2472 Endrey
1172 2388 1302 2451 fratrem
1329 2392 1397 2450 Kus
1421 2390 1525 2471 primo

263 2498 377 2559 citatus
402 2517 464 2558 non
494 2497 682 2578 comparuit.

368 2603 446 2663 Item
471 2603 589 2665 Paulus
613 2601 701 2682 Iaber
726 2617 834 2664 contra
859 2603 1048 2664 Jakmonem
1073 2603 1178 2684 primo
1211 2603 1324 2664 citatus
1348 2623 1413 2664 non
1438 2622 1525 2663 com·

263 2710 375 2792 paruit.

369 2814 446 2876 Item
472 2815 583 2875 Petrus
606 2826 715 2874 contra
740 2813 870 2896 Mathey
894 2814 998 2895 primo
1030 2814 1142 2875 citatus
1166 2834 1231 2876 uon
1256 2815 1445 2895 comparuit.

369 2921 447 2982 Item
471 2940 564 2981 causa
588 2939 651 3001 que
673 2920 805 2980 vertitur
829 2921 910 2981 inter
927 2919 1116 2981 Michaelem
1135 2920 1265 3002 Hudlep
1289 2935 1320 2981 et
1344 2921 1524 2982 Iohannem

263 3026 365 3089 filium
391 3026 559 3087 Laurentii
583 3025 623 3086 ad
648 3039 721 3086 octo
745 3026 813 3086 dies
836 3040 882 3086 est
906 3039 1086 3106 prorogata.

368 3133 445 3193 Item
477 3152 570 3193 causa
603 3151 665 3212 que
697 3145 783 3192 mota
815 3129 875 3193 fuit
907 3144 939 3193 et
969 3132 1101 3192 vertitur
1133 3132 1214 3192 inter
1249 3130 1461 3213 Meynardum
1494 3146 1526 3192 et

265 3236 442 3318 Gregurich
478 3237 605 3298 racione
641 3238 784 3317 quinque
820 3256 998 3298 marcarum
1032 3250 1062 3298 et
1099 3237 1188 3296 XXX
1225 3237 1442 3315 denariorum,
1467 3256 1525 3318 pro

265 3344 382 3423 quibus
405 3343 549 3424 quInque
573 3343 687 3403 marcis
711 3357 742 3405 et
758 3344 847 3404 XXX
872 3344 1011 3404 denariis
1028 3362 1129 3423 usque
1154 3343 1333 3424 quiudenas
1356 3344 1526 3425 assumpsit

266 3461 391 3528 portare
416 3449 535 3508 litteras
566 3448 796 3529 expeditorias;
821 3450 860 3511 de
891 3449 1031 3510 sedecim
1063 3468 1138 3510 vero
1163 3450 1232 3512 flor.
1264 3449 1361 3510 solvit
1384 3449 1444 3510 sibi
1469 3449 1524 3510 XII

265 3573 378 3635 pensas
401 3567 432 3614 et
456 3553 618 3615 residuum
644 3554 948 3635 usquequindenas
971 3555 1031 3616 sibi
1056 3555 1180 3616 solvere
1202 3568 1338 3617 tenetur.

370 3660 446 3720 Item
473 3659 594 3720 Mirena
619 3674 684 3720 met
706 3661 802 3721 tercia
826 3674 939 3721 octavo
965 3662 1016 3722 die
1044 3674 1169 3722 tenetur
1193 3660 1295 3741 jurare
1319 3675 1429 3723 contra
1453 3682 1524 3723 exe-

266 3778 408 3825 cutorem
432 3766 613 3826 testamenti
639 3764 786 3845 Gregorii
812 3766 1007 3827 balniatoris.

370 3870 447 3930 Item
472 3869 650 3930 Domianus
674 3871 818 3931 woschar
842 3885 950 3932 contra
975 3872 1110 3932 Piukam
1135 3885 1165 3933 et
1183 3871 1326 3933 Cernech
1352 3873 1457 3953 primo
1482 3873 1524 3934 ci-

266 3986 347 4034 tatus
372 3994 436 4034 non
462 3976 649 4055 comparuit.

372 4080 447 4139 Item
474 4080 611 4140 Munech
637 4081 833 4163 Heysteetyn
857 4083 955 4144 totale
988 4085 1130 4145 debitum
1156 4104 1221 4164 quo
1246 4085 1353 4145 relicte
1377 4085 1455 4146 Suik
1479 4097 1525 4146 te-

267 4195 357 4243 netur
381 4203 481 4264 usque
506 4186 685 4264 quindenas
709 4187 832 4248 solvere
856 4202 990 4251 tenetur.

371 4289 447 4348 Item
473 4309 552 4350 uxor
576 4291 748 4351 Konchlini
775 4293 877 4373 primo
903 4294 995 4354 citata
1026 4307 1056 4355 et
1080 4294 1225 4355 Ossanna
1243 4294 1390 4355 similiter
1415 4309 1525 4357 contra

267 4406 465 4454 executorem
493 4394 638 4475 Gregorii
664 4397 855 4457 balneatoris
875 4418 941 4459 non
967 4413 1223 4480 comparuerunt.

373 4497 449 4558 Item
476 4499 520 4560 St.
545 4505 638 4560 frater
665 4502 826 4562 Lourandi
845 4516 953 4564 contra
978 4504 1113 4565 Paulum
1141 4507 1266 4565 fabrum
1284 4507 1389 4587 primo
1413 4508 1526 4569 citatus

268 4620 332 4660 non
357 4604 544 4683 comparuit.

373 4706 450 4766 Item
474 4707 585 4768 Petrus
608 4707 692 4770 filius
717 4710 824 4770 Iureni
843 4711 954 4773 decani
979 4725 1088 4774 contra
1105 4715 1259 4775 ZitarIum
1283 4715 1387 4796 primo
1413 4717 1526 4781 citatus

269 4827 332 4870 non
357 4813 544 4893 comparuit.
