3488 5250
614 356 813 438 Anno1363.
838 394 880 406 -
903 376 953 423 21.
977 363 1087 422 martii.
1416 381 1479 445 259

320 568 397 633 Item
423 569 510 632 Elias
533 589 649 653 parvus
672 583 782 634 contra
806 571 950 634 relictam
967 571 1145 634 Lancoloth
1162 572 1267 655 primo
1284 572 1398 635 citatus
1415 592 1480 636 non

215 675 404 758 comparuit.

320 781 398 844 Item
424 781 510 843 idem
535 795 644 845 contra
669 781 777 865 Matey
802 783 906 864 primo
938 782 1052 845 citatus
1075 802 1140 845 non
1172 783 1363 866 comparuit.

320 887 398 949 Item
423 885 525 952 Cursa
551 888 591 950 de
623 887 757 950 Rabuch
790 901 901 951 contra
932 889 1111 951 Henricum
1134 887 1306 970 pellificem
1337 889 1480 953 secundo

214 992 330 1057 citatus
354 1012 419 1056 non
443 993 632 1075 comparuit.

320 1099 397 1163 item
431 1095 590 1180 Georgius
623 1100 764 1183 Gyauini
795 1113 904 1162 contra
937 1118 1069 1162 uxorem
1102 1100 1210 1183 Matey
1245 1100 1311 1162 ceci
1342 1098 1383 1161 ad
1407 1112 1480 1161 octo

213 1205 283 1267 dies
306 1205 426 1288 recepit
448 1205 622 1268 terminum
646 1206 687 1268 ad
711 1205 984 1288 respondendum.

321 1312 400 1373 ltem
424 1310 493 1375 Cus
514 1311 654 1374 carnifex
678 1326 788 1374 contra
805 1312 934 1395 Syssam
951 1312 1056 1394 primo
1078 1311 1192 1374 citatus
1207 1331 1273 1373 non
1291 1311 1479 1395 comparuit.

319 1417 397 1480 ltem
422 1417 599 1480 Martinech
623 1430 733 1480 contra
757 1417 929 1479 Nicolaum
953 1417 1059 1499 primo
1075 1417 1190 1478 citatus
1206 1437 1272 1479 uon
1291 1415 1480 1499 comparuit.

320 1522 399 1584 item
423 1522 535 1585 Petms
559 1523 655 1586 Zoiar
671 1536 782 1586 contra
798 1521 938 1604 judicem
955 1522 1060 1606 primo
1077 1521 1190 1585 citatus
1206 1541 1273 1584 non
1289 1520 1480 1603 comparuit.

322 1627 400 1689 ltem
417 1646 455 1689 ex
472 1627 768 1709 superhabundanti
793 1627 886 1690 datus
902 1641 949 1690 est
965 1627 1121 1690 terminus
1144 1626 1320 1690 solucionis
1336 1627 1480 1709 quinque

218 1752 397 1795 marcarum
421 1733 589 1817 Woykoni
614 1732 654 1795 ad
685 1731 819 1796 chorum
849 1732 1052 1815 gladiparum
1084 1745 1116 1795 et
1139 1732 1237 1814 judici
1268 1752 1377 1812 unam,
1402 1732 1481 1794 alias

215 1839 407 1922 procedetur
431 1852 541 1900 contra
564 1857 639 1900 eum
664 1851 698 1900 ut
721 1851 769 1901 eat
792 1837 1015 1901 deliberatum.

322 1943 399 2005 item
425 1943 608 2006 Anthonius
638 1942 784 2027 Vydonis
816 1956 926 2006 contra
958 1944 1103 2006 Marcum
1134 1944 1238 2026 primo
1270 1944 1383 2005 citatus
1414 1963 1479 2005 nou

214 2050 403 2131 comparuit.

319 2154 397 2216 ltem
421 2153 560 2236 quedam
585 2174 678 2215 causa
696 2154 728 2215 in
753 2172 851 2237 quam
868 2155 995 2218 Marcus
1019 2155 1058 2217 de
1076 2154 1251 2217 kaerch
1275 2174 1332 2237 per
1356 2154 1477 2218 machi-

214 2273 358 2322 natorem
384 2272 432 2322 est
455 2274 603 2338 attactus,
627 2259 667 2320 ad
688 2259 829 2343 primum
852 2258 1008 2340 judicium
1032 2260 1188 2323 adventus
1212 2260 1311 2342 ipsius
1335 2260 1479 2342 magistri

214 2365 444 2448 machynarum
468 2384 527 2447 pro
552 2364 762 2427 deliberando
787 2366 826 2426 de
851 2365 942 2427 cuius
968 2364 1039 2427 foro
1064 2364 1124 2428 fuit
1147 2379 1194 2427 est
1218 2380 1399 2448 prorogata.

320 2471 399 2533 item
424 2470 603 2553 Gregurich
623 2490 725 2552 usque
744 2471 924 2552 quindenas
947 2484 1074 2532 tenetur
1090 2472 1214 2534 solvere
1239 2471 1341 2534 Paulo
1365 2470 1480 2555 pictori

216 2577 272 2638 1111
296 2578 447 2656 florenos,
472 2589 568 2638 restat
591 2576 696 2638 adhuc
720 2575 860 2638 mediam
886 2595 1026 2638 marcam
1050 2576 1157 2638 minus
1180 2576 1307 2639 duobus
1330 2575 1480 2639 denariis.

319 2682 398 2743 ltem
423 2681 605 2744 Demetrius
639 2695 749 2744 contra
773 2682 860 2765 Span
891 2681 932 2743 ad
956 2695 1030 2744 octo
1062 2665 1130 2743 dies
1160 2682 1280 2766 recepit
1302 2682 1478 2744 terminum

215 2788 256 2849 ad
280 2788 554 2870 respondendum.

389 3022 487 3097 Faria
516 3026 624 3097 tercia
651 3027 805 3114 proxima
834 3033 912 3115 post
940 3026 1142 3097 dominicam
1169 3025 1301 3116 judica.

739 3181 801 3253 (21.
832 3180 956 3256 martii).

318 3316 427 3378 Primo
452 3317 575 3400 Symon
601 3318 775 3400 Hungarus
799 3337 901 3399 usque
925 3316 1105 3400 quindenas
1129 3317 1225 3379 debet
1248 3318 1323 3379 dare
1349 3316 1477 3380 fideius-

213 3421 299 3484 sorio
323 3422 455 3484 nomine
479 3422 599 3485 Trosth
624 3421 715 3484 fabro
739 3422 805 3484 duo
828 3422 931 3485 millia
956 3423 995 3483 de
1019 3423 1109 3505 palis.

320 3528 398 3589 ltem
424 3548 518 3590 causa
535 3528 690 3591 Johannis
713 3525 794 3590 fabri
811 3541 842 3589 et
860 3528 968 3590 relicte
985 3529 1076 3590 Pauli
1102 3529 1204 3591 estad
1230 3527 1341 3591 feriam
1357 3543 1479 3592 sextam

213 3633 254 3695 ad
278 3653 389 3715 pacem
413 3648 594 3716 prorogata.

320 3739 397 3801 ltem
422 3759 515 3801 causa
549 3738 681 3803 Giurich
711 3741 828 3803 sutoris
864 3753 974 3802 contra
1006 3740 1191 3821 Dragonam
1224 3753 1270 3800 est
1294 3738 1333 3800 ad
1366 3738 1478 3802 feriam

212 3859 332 3907 sextam
358 3847 398 3907 ad
423 3866 533 3928 pacem
559 3861 740 3929 prorogata.

318 3952 396 4013 item
421 3972 514 4013 causa
540 3950 672 4035 Georgii
696 3954 849 4036 Vgrenais
873 3969 904 4016 et
931 3953 1061 4016 Martini
1086 3953 1196 4015 estad
1221 3950 1334 4013 feriam
1358 3967 1478 4013 sextam

212 4070 393 4138 prorogata.

318 4162 396 4225 Item
412 4182 513 4244 usque
531 4163 711 4244 quindenas
727 4164 1046 4246 EgidiusHuugarus
1061 4177 1188 4225 tenetur
1204 4164 1329 4225 solvere
1349 4176 1478 4225 centum

213 4268 362 4331 denarios
384 4269 513 4330 Andree
542 4269 691 4352 Philippi.

319 4374 397 4435 item
420 4374 528 4435 totalis
552 4393 645 4436 causa
677 4395 741 4457 que
774 4375 855 4436 inter
887 4374 1066 4437 Johannem
1100 4372 1224 4435 fabrum
1258 4388 1289 4436 et
1312 4373 1479 4437 hominem

213 4480 360 4542 Merclini
384 4480 528 4557 vertitur,
552 4481 660 4542 estad
685 4479 797 4542 feriam
822 4494 942 4543 sextam
967 4494 1138 4563 prorogata
1162 4479 1202 4541 ad
1227 4499 1351 4562 pacem.

318 4585 396 4647 item
428 4605 530 4666 usque
561 4584 742 4669 quindenas
773 4586 888 4648 Radko
919 4599 1046 4648 tenetur
1083 4585 1208 4647 solvere
1241 4584 1389 4648 Cristano
1420 4605 1479 4667 pro

214 4690 358 4770 quodam
382 4691 447 4752 sale
471 4690 596 4753 Nicoiai
624 4709 756 4753 mornar
785 4703 863 4773 aput
893 4691 998 4775 ipsum
1024 4691 1188 4769 existente,
1219 4689 1380 4772 quodsal
1412 4691 1479 4774 ipae

218 4794 386 4859 Cristanus
409 4816 465 4878 per
489 4794 600 4859 efficax
625 4796 845 4859 testimonium
871 4796 970 4878 ipsius
1001 4797 1040 4858 N.
1065 4815 1132 4858 esse
1156 4808 1187 4857 et
1210 4793 1307 4858 fuisse
1331 4815 1480 4907 compro·
