3488 5250
272 333 331 399 180
680 341 765 398 Anno
787 338 880 417 1360.
904 375 946 385 —
968 353 998 418 7.
1015 343 1101 417 julii.

373 547 451 609 Item
475 568 569 611 causa
594 550 721 611 Andree
745 550 784 612 de
810 550 921 632 Spinal
945 564 977 613 et
1001 551 1075 613 dicti
1101 551 1158 613 filii
1177 551 1311 614 Goncbe
1335 553 1375 614 ad
1398 553 1529 615 terciam

267 652 379 716 leriam
407 668 453 716 est
479 669 658 737 prorogata.

372 760 450 822 ltem
483 760 565 842 Spez
590 760 622 822 in
653 760 773 840 judicio
804 762 940 843 presenti
973 775 1083 824 contra
1108 762 1245 824 Paulum
1278 761 1404 824 fabrum
1436 782 1530 844 agere

265 865 413 944 debebat,
437 879 468 928 et
492 880 579 928 actor
602 866 738 928 existens
761 887 826 928 non
850 868 938 929 venit
961 888 1020 930 nec
1045 868 1142 929 misit.

317 1101 437 1174 Tereia
465 1103 552 1175 teria
580 1106 734 1193 proxima
761 1114 839 1177 ante
863 1104 985 1176 testum
1013 1106 1102 1177 beati
1133 1105 1302 1177 Benedicti
1331 1105 1476 1177 abbatis.

820 1277 861 1352 (7-
876 1277 975 1352 julie).

374 1449 482 1524 Primo
507 1450 674 1513 Mortonos
698 1451 827 1512 sellator
858 1463 966 1513 contra
992 1450 1120 1512 Petrum
1152 1448 1254 1511 filium
1279 1448 1395 1511 Donati
1420 1449 1526 1530 primo

267 1556 381 1617 citatus
405 1575 470 1617 non
499 1557 688 1639 comparuit.

370 1661 448 1723 ltem
474 1682 552 1723 uxor
583 1676 614 1724 et
637 1661 701 1725 filia
726 1662 868 1725 Chureni
901 1676 1011 1724 contra
1036 1663 1180 1743 Krupam
1208 1661 1311 1743 primo
1343 1660 1436 1722 citate
1461 1679 1525 1722 non

267 1780 524 1848 comparuerunt.

370 1873 448 1935 ltem
472 1872 550 1935 feria
574 1887 660 1934 sexta
694 1873 839 1955 proxima
864 1872 976 1934 Petrus
1007 1872 1136 1955 piliator
1168 1891 1223 1954 per
1246 1872 1402 1934 Jacobum
1427 1873 1529 1934 Jaketi

264 1993 295 2041 et
332 1979 516 2062 Philippum
552 1978 734 2041 carnificem
765 1979 985 2040 testimonium
1020 1979 1116 2042 debet
1147 1978 1322 2061 producere
1354 1998 1449 2060 super
1479 1998 1529 2057 eo,

263 2085 351 2166 quod
376 2085 508 2167 quidam
532 2085 643 2147 decern
667 2085 766 2146 boves
790 2103 862 2145 cum
887 2083 1021 2165 pecunia
1046 2104 1101 2145 sua
1127 2085 1224 2165 empti
1250 2083 1435 2147 extitissent.

371 2193 448 2271 ltem
467 2210 577 2271 Petrus
590 2208 708 2287 longus
724 2220 833 2268 contra
850 2206 987 2269 Jancech
1004 2207 1110 2289 primo
1127 2208 1240 2269 citatus
1257 2226 1322 2268 non
1340 2207 1528 2288 comparuit.

369 2314 448 2376 Item
473 2325 586 2375 octavo
611 2313 663 2374 die
688 2313 731 2374 M.
756 2310 840 2372 filius
870 2311 905 2374 F.
938 2332 993 2394 per
1016 2332 1048 2374 se
1072 2325 1104 2374 et
1127 2332 1185 2394 pro
1220 2313 1290 2394 ipso
1314 2326 1344 2373 et
1368 2311 1529 2373 lohannes

264 2421 431 2482 Laurencii
448 2438 551 2501 perse
569 2431 600 2480 et
625 2437 682 2500 pro
707 2437 740 2479 se
765 2418 834 2499 ipso
859 2432 967 2480 contra
985 2417 1150 2480 Thomam
1169 2417 1242 2481 Gok
1272 2417 1375 2498 jurare
1401 2418 1528 2480 debent.

369 2527 447 2590 ltem
472 2527 503 2586 in
529 2524 700 2605 quindenis
725 2525 861 2586 lacobus
886 2525 961 2586 Kun
978 2523 1046 2604 jura
1071 2524 1222 2587 litteralia
1248 2524 1299 2585 vel
1317 2524 1378 2585 alia
1403 2524 1528 2585 caucio-

264 2633 383 2696 nabilia
417 2632 441 2693 si
473 2650 536 2713 que
568 2629 701 2691 hebebit
725 2643 833 2691 contra
862 2629 1053 2691 Michaelem
1085 2630 1206 2692 dictum
1240 2628 1340 2691 Saffar
1363 2648 1458 2710 super
1489 2648 1528 2690 eo

262 2738 438 2821 producere
452 2737 559 2814 debet,
576 2735 664 2817 quod
674 2749 768 2817 prout
778 2736 903 2798 dicebat
913 2749 986 2798 octo
997 2736 1139 2798 florenos
1149 2755 1215 2797 non
1225 2736 1257 2797 in
1267 2735 1527 2817 redempcionem

261 2845 321 2905 sibi
357 2843 633 2925 inpignoratorum
669 2860 725 2922 per
759 2841 898 2903 eundem
922 2842 1071 2920 dedisset,
1107 2861 1165 2903 nec
1206 2842 1238 2901 in
1274 2840 1526 2902 remutacionem

263 2946 471 3031 possessionis
495 2946 638 3028 Nezpesa
654 2960 775 3025 vocate,
792 2946 848 3007 sed
865 2946 897 3007 in
915 2946 1002 3008 alind
1028 2947 1173 3009 debitum
1190 2965 1257 3027 quo
1276 2946 1335 3008 sibi
1353 2959 1526 3009 teneretur.

369 3070 446 3132 Item
464 3081 577 3130 octavo
595 3057 646 3131 die
663 3069 813 3130 mulieres
837 3068 1045 3151 infrascripte,
1062 3069 1229 3132 videlicet:
1247 3069 1357 3131 Alicha
1383 3083 1414 3132 et
1440 3070 1523 3131 Mar-

260 3175 389 3257 garetlra
414 3174 558 3256 quelibet
580 3194 612 3236 se
636 3189 723 3237 sexta
747 3189 871 3236 tenetur
895 3195 927 3236 se
956 3195 1131 3257 expurgare
1156 3175 1187 3235 in
1221 3175 1353 3236 crimine
1379 3175 1520 3236 incanta·

261 3280 352 3342 tricio
376 3299 432 3340 seu
457 3279 699 3361 inpocinatricio
725 3300 781 3362 pro
806 3300 871 3361 quo
889 3280 1084 3362 deprehense
1106 3280 1285 3358 extiterant,
1311 3299 1375 3362 que
1393 3279 1418 3340 si
1437 3279 1526 3341 dein-

262 3404 336 3465 ceps
360 3403 417 3465 pro
441 3383 625 3445 huiusmodi
651 3385 768 3447 delicto
790 3385 1079 3467 deprehendentur,
1106 3386 1227 3467 absque
1252 3384 1373 3466 judicio
1396 3400 1427 3448 et
1451 3405 1526 3447 con-

260 3490 433 3552 testacione
457 3488 566 3569 judicii
591 3490 740 3572 aliqualis
763 3491 859 3572 digna
888 3491 1051 3553 sentencia
1076 3490 1367 3571 condempnentur.

367 3593 445 3654 ltem
470 3594 622 3655 Nicolaus
648 3595 773 3656 Kordar
803 3609 912 3656 contra
936 3596 1100 3656 Andream
1133 3593 1258 3655 fabrum
1282 3594 1387 3676 primo
1412 3595 1526 3656 citatus

264 3717 329 3759 non
354 3700 541 3780 comparuit.

368 3803 444 3864 ltem
469 3804 548 3866 Wlk
572 3806 811 3868 molendinator
835 3820 944 3866 contra
969 3806 1183 3867 Wlkmanum
1200 3805 1304 3886 primo
1329 3805 1443 3868 citatus
1459 3825 1525 3868 non

262 3910 450 3990 comparuit.

367 4013 444 4075 ltem
458 4015 565 4076 relicta
583 4015 760 4076 Martinlrus
777 4028 886 4076 contra
905 4015 1014 4076 Punek
1030 4016 1134 4097 primo
1148 4016 1241 4076 citata
1256 4035 1320 4076 non
1335 4016 1524 4097 comparuit.

365 4118 444 4180 ltem
459 4139 537 4182 uxor
560 4121 641 4182 Vole
665 4119 793 4181 sartoris
809 4135 918 4181 contra
936 4121 1080 4182 Jakmam
1100 4122 1204 4202 primo
1228 4121 1323 4182 citata
1348 4139 1412 4181 non
1438 4141 1523 4182 com-

262 4223 376 4304 paruit.

366 4328 442 4389 ltem
467 4349 645 4411 causaque
670 4332 802 4393 vertitur
826 4332 907 4392 inter
931 4349 1063 4391 uxorem
1092 4330 1219 4392 Andree
1244 4328 1324 4391 fabri
1351 4344 1382 4392 et
1406 4331 1523 4393 Barbe-

262 4432 344 4493 rium
369 4434 408 4494 ad
433 4449 505 4497 octo
530 4438 597 4498 dies
620 4437 660 4499 ad
686 4457 796 4519 pacem
821 4452 867 4498 est
892 4449 1072 4518 prorogata.

364 4556 441 4619 ltem
466 4561 541 4640 quia
564 4559 649 4622 filius
674 4559 785 4621 Gonce
810 4560 841 4620 in
866 4559 1004 4641 presenti
1023 4558 1142 4639 judicio
1167 4572 1276 4619 contra
1302 4559 1464 4620 Andream
1482 4560 1522 4622 de

261 4658 371 4740 Spinal
395 4681 578 4746 comparere
602 4678 637 4727 ut
660 4679 748 4727 actor
773 4679 802 4727 et
819 4685 913 4746 agere
930 4665 1102 4746 debuisset,
1126 4680 1233 4726 tamen
1250 4684 1306 4746 per
1332 4664 1436 4745 ipsum
1456 4670 1521 4727 An·

261 4763 368 4828 dream
392 4783 574 4852 expectatus
596 4790 662 4833 non
686 4772 772 4832 venit
804 4791 863 4833 nec
890 4770 987 4848 misit,
1020 4789 1119 4851 quare
1144 4770 1176 4830 in
1209 4769 1339 4831 duobus
1363 4772 1522 4833 consvetis
