3488 5250
255 367 293 424 14
635 348 720 404 Anno
746 358 833 422 1355.
858 380 900 389 -
922 360 972 406 21.
998 348 1113 420 aprilis.

250 556 337 617 idem
361 555 487 617 Blasius
520 555 616 618 debet
651 558 787 638 probare
812 575 884 618 cum
920 556 1048 617 Kusech
1083 569 1114 616 et
1145 554 1275 616 Thomu
1304 554 1512 631 vicenotario,

248 662 338 744 quod
362 661 447 722 idem
474 660 633 742 Georgius
654 661 872 723 eundem‘lite
896 662 1055 744 pendente
1084 680 1157 723 cum
1181 661 1350 740 evaginato
1375 660 1511 722 biccello

250 767 311 830 fuit
335 780 527 850 persecutus.

357 874 434 935 Item
461 873 590 956 Mathey
614 872 654 933 de
678 873 829 935 Pobresia
858 888 967 936 contra
1000 876 1173 937 Martinum
1203 876 1381 937 institorem
1405 874 1510 956 primo

251 979 364 1041 citatus
387 999 451 1040 non
477 978 666 1061 comparuit.

358 1086 434 1147 Item
461 1105 517 1167 per
541 1084 672 1164 iudices,
699 1085 818 1166 juratos
843 1100 888 1147 est
904 1086 1069 1147 decretum
1093 1086 1132 1148 de
1150 1085 1234 1148 facto
1258 1085 1399 1167 magistri
1417 1085 1513 1162 Petri,

251 1189 309 1264 filii
334 1191 464 1272 Ligarii,
489 1189 631 1273 magistri
656 1189 822 1252 Michaelis
845 1205 876 1252 et
909 1192 1018 1254 relicte
1043 1191 1186 1275 Gyonini
1210 1191 1265 1253 tali
1290 1191 1399 1271 mod0,
1425 1191 1513 1272 quod

252 1295 414 1377 predictus
438 1296 590 1358 dominus
613 1296 725 1359 Petrus
756 1296 796 1358 de
823 1297 1078 1379 possessionibus
1109 1297 1202 1359 bonis
1225 1318 1259 1359 se
1290 1296 1436 1359 solvendi
1459 1297 1514 1358 ha·

253 1402 343 1465 bebit
366 1401 561 1481 facultatem,
578 1416 609 1464 et
625 1402 713 1484 quod
730 1403 894 1465 residuum
912 1403 1007 1465 fuerit
1023 1404 1183 1486 predictus
1202 1404 1353 1484 magister
1376 1403 1514 1465 Michael

252 1526 311 1588 pro
336 1507 410 1568 dote
435 1507 553 1569 sororis
576 1527 632 1570 sue
658 1521 688 1569 et
712 1507 795 1570 dicta
821 1508 952 1570 domina
976 1528 1034 1591 pro
1051 1529 1106 1570 sua
1132 1509 1206 1570 dote
1231 1508 1319 1590 quod
1344 1509 1515 1591 expediens

252 1610 349 1674 fuerit
371 1613 518 1674 similiter
541 1613 776 1696 percipiendos.

359 1718 436 1780 Item
461 1738 517 1800 per
541 1718 663 1780 iudices
687 1719 788 1780 extitit
812 1719 1070 1798 determinatum,
1095 1719 1183 1800 quod
1208 1719 1304 1782 iudex
1327 1733 1452 1781 tenetur
1468 1718 1483 1780 f
1501 1756 1514 1766 ·

251 1843 323 1886 cere
348 1824 506 1887 iusticiam
541 1824 675 1886 domino
704 1825 879 1886 Benedicto
903 1825 1128 1886 archidiacono
1162 1827 1434 1907 quandocumque
1457 1845 1514 1888 vo-

252 1929 348 1991 luerit
372 1930 410 1991 de
435 1931 500 1992 suis
529 1931 737 1993 debitoribus.

359 2036 435 2098 ltem
482 2038 521 2098 N.
560 2036 645 2099 filius
669 2036 840 2112 lwandiak,
879 2050 987 2098 contra
1020 2038 1126 2098 Petres
1152 2038 1262 2119 primo
1302 2038 1413 2099 citatus
1448 2058 1513 2100 non

252 2142 443 2223 comparuit.

359 2249 437 2310 Item
463 2249 507 2312 St.
533 2247 628 2310 frater
652 2249 827 2326 Lourandi‚
856 2268 957 2330 usque
982 2248 1162 2330 quindenas
1181 2262 1306 2310 tenetur
1330 2269 1515 2331 recuperare

254 2353 418 2434 quoddam
445 2353 598 2415 fossatum
624 2355 656 2415 in
679 2354 784 2435 primo
807 2368 901 2432 statu,
926 2353 1195 2415 incircumfudere
1220 2374 1293 2415 cum
1316 2355 1445 2436 sepibus
1463 2356 1515 2416 Jo-

255 2460 370 2521 bannis
392 2459 573 2521 stacionarii
598 2460 694 2520 vicini
718 2460 777 2523 sui.

361 2566 438 2626 item
463 2585 556 2626 causa
574 2566 684 2627 Jacobi
706 2579 735 2627 et
753 2565 942 2626 Lancholoti
960 2584 1061 2646 usque
1079 2565 1164 2626 diem
1181 2579 1330 2627 octavum
1347 2565 1387 2627 ad
1404 2586 1516 2647 pacem

253 2685 300 2732 est
323 2687 503 2753 prorogata.

360 2777 438 2838 Item
457 2776 618 2837 Johannes
641 2776 850 2837 stacionarius
866 2791 975 2837 contra
1002 2775 1045 2838 St.
1065 2775 1193 2838 fratrem
1212 2776 1375 2838 Lourandi
1399 2796 1517 2859 propo·

256 2884 352 2944 nebat
377 2881 505 2943 racione
530 2881 696 2943 cuiusdam
713 2882 785 2956 orti,
810 2882 896 2962 quod
919 2881 1165 2942 determinatum
1190 2895 1246 2961 est,
1271 2895 1306 2943 ut
1329 2882 1396 2964 ipse
1428 2896 1516 2944 ortus

256 3003 304 3049 est
326 2988 430 3049 tocius
454 2987 703 3049 communitatis.

363 3092 440 3156 Item
466 3092 618 3153 Anchech
642 3090 802 3153 aurifaber
825 3093 877 3153 die
895 3106 1008 3153 octavo
1025 3093 1120 3153 debet
1143 3093 1247 3153 iurare
1271 3107 1336 3154 met
1359 3094 1517 3154 secundus

254 3219 329 3261 cum
353 3219 418 3259 uno
442 3199 510 3259 cive
534 3218 629 3281 supet
657 3218 718 3259 una
751 3217 855 3258 marca
886 3218 958 3259 cum
988 3198 1093 3259 media
1124 3199 1245 3279 argenti
1276 3212 1383 3261 contra
1417 3197 1456 3261 G.
1482 3198 1517 3260 fi-

256 3306 337 3367 lium
362 3306 450 3366 Suik.

362 3410 439 3472 Item
465 3410 577 3471 Petrus
601 3409 697 3470 Zolar
720 3422 828 3470 contra
862 3411 1030 3470 Marenum
1061 3409 1166 3490 primo
1197 3409 1309 3470 citatus
1333 3428 1398 3469 non
1431 3429 1517 3470 com-

254 3517 361 3600 paruit
385 3530 415 3578 et
441 3516 565 3577 Malech
590 3516 736 3576 similiter
760 3516 874 3597 primo

363 3623 441 3682 Item
466 3641 559 3681 causa
586 3621 703 3681 Donati
729 3633 759 3681 et
783 3621 907 3681 Nicolai
933 3639 1033 3701 usque
1059 3620 1144 3680 diem
1168 3634 1317 3681 octavum
1342 3620 1381 3680 ad
1407 3639 1518 3701 pacem

257 3741 305 3789 est
329 3741 508 3809 prorogata.

362 3833 440 3894 Item
465 3833 539 3913 quia
566 3832 694 3914 Matbey
717 3831 820 3893 tercia*r
841 3832 995 3893 citacione
1024 3851 1090 3892 non
1114 3832 1201 3892 venit
1224 3850 1282 3892 nec
1307 3831 1391 3892 misit
1408 3844 1517 3892 contra

258 3939 383 4019 Artuig,
407 3937 482 3998 ideo
506 3937 573 4018 ipse
599 3937 711 4017 Artuig
735 3936 850 4017 juravit
880 3956 975 4018 super
997 3936 1084 3996 XLV
1117 3935 1265 4013 denariis,
1290 3955 1371 4016 quos
1394 3949 1520 3996 tenetur

256 4043 363 4104 eidem
388 4042 512 4104 solvere
537 4044 569 4104 in
595 4043 777 4123 quindenis.

365 4149 441 4210 ltem
459 4148 567 4209 relicta
586 4147 719 4208 Hanche
736 4163 845 4209 contra
863 4147 1128 4228 Artuigsecundo
1140 4147 1232 4208 citata
1247 4166 1310 4207 non
1329 4147 1519 4228 comparuit.

363 4253 441 4315 Item
466 4253 610 4335 Philipus
634 4268 743 4314 contra
769 4253 845 4314 Wlk
868 4253 1011 4314 secundo
1036 4254 1148 4314 citatus
1172 4271 1237 4313 non
1261 4253 1451 4333 comparuit.

365 4360 442 4421 ltem
459 4359 662 4421 fideiussores
678 4361 843 4421 Martonos
859 4359 1016 4420 sellatoris
1032 4378 1090 4441 pro
1107 4357 1208 4419 Paulo
1236 4373 1354 4418 sartore
1371 4370 1520 4419 tenentur

256 4466 381 4527 solvere
404 4464 483 4526 duas
503 4484 625 4527 marcas
647 4466 679 4526 in
704 4465 887 4545 quindenis.

365 4571 442 4632 Item
467 4571 653 4632 Hudizmok
677 4583 786 4631 contra
814 4570 910 4648 Iwan,
934 4568 1036 4630 filium
1054 4568 1224 4649 Dragozlai
1242 4568 1384 4630 secundo
1409 4569 1521 4630 citatus

259 4695 326 4737 non
350 4676 538 4757 comparuit.
1335 4666 1339 4674 ’

366 4780 443 4843 Item
469 4781 606 4843 Michael
638 4795 747 4843 contra
773 4780 895 4843 Obram
926 4779 1068 4842 secundo
1100 4779 1213 4840 citatus
1236 4797 1301 4839 non
1333 4778 1521 4860 comparuit.
