3488 5250
241 314 302 375 266
425 378 429 384 ,
631 312 832 392 Ann01363.
856 350 899 358 -
921 310 974 374 28.
998 315 1111 388 aprilis.

344 526 423 587 Item
447 544 540 587 causa
568 529 662 586 Anne
694 540 804 586 contra
837 523 964 586 fratrem
998 543 1092 585 suum
1117 539 1163 586 est
1195 525 1234 585 ad
1259 539 1332 586 octo
1357 524 1424 586 dIes
1447 543 1504 606 per

239 645 333 694 testes
356 631 397 693 ad
421 650 533 714 pacem
556 645 736 711 prorogata.

344 737 422 799 Item
447 737 555 799 Petres
578 736 700 817 juratus
723 750 770 799 est
787 750 980 818 protestatus
992 735 1082 818 quod
1098 736 1262 798 universas
1287 735 1504 818 possessiones

176 880 183 891 ·
238 846 332 905 Anne
363 841 427 904 iilie
462 843 541 920 Juri,
572 843 717 926 proxime
750 862 806 904 seu
837 842 955 905 sororis
987 842 1093 903 uxoris
1126 861 1193 920 sue,
1225 860 1287 922 que
1320 840 1503 903 vendicioni

239 948 509 1030 quandocumque
526 963 760 1029 exponerentur
775 949 884 1030 precio
894 948 990 1009 vellet
1007 967 1203 1029 comparare,
1223 965 1297 1008 cum
1322 946 1423 1028 magis
1439 946 1500 1007 sibi

239 1068 457 1137 competerent
474 1072 571 1135 quam
591 1054 672 1133 aliis,
688 1053 862 1135 prohibens
878 1068 1010 1116 cunctos
1027 1072 1067 1113 ne
1086 1053 1119 1114 in
1135 1053 1275 1135 ipsarum
1300 1051 1504 1134 empcionem

237 1180 271 1222 se
296 1160 485 1222 inmiserint.

343 1266 422 1328 Item
448 1266 586 1327 Iacobus
611 1266 685 1326 Kun
710 1284 768 1347 pro
801 1263 947 1326 Iohanne
979 1263 1070 1326 labro
1104 1277 1212 1326 contra
1237 1263 1439 1346 Merclynum
1463 1262 1503 1324 ad

238 1386 311 1434 octo
335 1370 403 1433 dies
427 1370 545 1451 recepit
568 1371 741 1432 terminum
765 1369 805 1432 ad
830 1370 1102 1452 respondendum.

344 1477 422 1538 Item
447 1476 594 1557 quamvis
617 1476 702 1537 Mala
726 1475 879 1537 Mahnam
909 1475 1093 1556 aliqualiter
1117 1475 1148 1536 in
1174 1474 1314 1556 quadam
1338 1494 1431 1536 causa
1456 1476 1503 1536 in·

238 1584 407 1664 culpasset,
431 1595 539 1643 tamen
564 1582 695 1643 demum
722 1580 826 1642 reddit
850 1583 952 1662 ipsam
977 1581 1193 1642 innocentem.

346 1689 424 1750 Item
449 1708 543 1749 causa
568 1687 639 1750 EIie
663 1688 752 1769 parvi
776 1702 807 1749 et
830 1687 940 1750 relicte
970 1686 1161 1749 Lancholoti
1186 1706 1242 1768 per
1272 1699 1369 1749 testes
1392 1699 1439 1748 est
1462 1685 1503 1748 ad

239 1812 311 1858 octo
337 1795 405 1855 dies
429 1793 470 1856 ad
494 1813 606 1877 pacem
633 1806 815 1876 prorogata.

346 1900 424 1961 Item
449 1900 558 1962 relicta
583 1899 733 1980 Horgoce
759 1912 868 1961 contra
898 1897 1081 1959 Emericum
1113 1885 1341 1959 subcustodem
1366 1897 1503 1960 edocto

238 2006 307 2068 dies
333 2006 452 2086 recepit
475 2005 648 2066 termInum
672 2005 711 2066 ad
736 2003 1008 2086 respondendum.

343 2111 422 2172 Item
446 2111 607 2172 Iohannes
629 2129 728 2191 gener
751 2108 897 2171 Bencecb
922 2123 952 2170 et
970 2109 1015 2171 St.
1040 2127 1142 2189 usque
1166 2122 1294 2170 octavas
1311 2108 1393 2169 inter
1409 2105 1504 2168 Iuech

238 2231 269 2279 et
294 2217 509 2297 Dampianum
535 2228 682 2278 tenentur
706 2233 887 2296 proponere
912 2215 1085 2278 racionem.

344 2322 423 2383 Item
448 2321 602 2384 Crisanus
626 2335 735 2382 contra
761 2319 902 2382 Obraam
928 2319 1033 2401 primo
1051 2319 1164 2381 citatus
1186 2338 1251 2380 non
1270 2320 1458 2401 comparuit.

345 2427 423 2488 Item
446 2439 561 2488 octavo
586 2427 637 2487 die
655 2426 779 2486 Blasius
804 2442 912 2486 contra
938 2424 983 2488 St.
1007 2445 1064 2505 per
1083 2423 1277 2505 Gregorium
1302 2424 1504 2506 vigilatorem

238 2545 268 2593 et
292 2532 397 2594 Eliam
422 2552 516 2614 super
540 2532 612 2594 data
636 2531 696 2592 sibi
721 2532 812 2612 alapa
836 2531 1056 2592 testimonium
1079 2531 1244 2612 producet.

344 2638 423 2699 Item
447 2651 561 2699 octavo
586 2637 637 2698 die
661 2635 800 2698 famulus
827 2635 956 2698 Thome
986 2636 1143 2718 gladeari
1176 2657 1232 2719 per
1257 2638 1380 2699 Lulram
1405 2653 1436 2700 et
1458 2637 1503 2698 f-

238 2745 363 2806 mulnm
389 2745 456 2805 eius
480 2763 516 2805 ac
540 2742 697 2804 famulum
723 2742 854 2823 Hudlep
880 2757 988 2804 contra
1017 2743 1173 2804 Iacobum
1206 2756 1237 2804 et
1261 2742 1393 2825 Gurgek
1416 2745 1503 2807 testi·

238 2851 383 2912 monium
408 2868 504 2931 super
527 2848 713 2910 verberibus
738 2846 903 2929 producet.

343 2956 422 3016 Item
446 2969 559 3016 octavo
585 2955 635 3015 die
661 2954 823 3016 Iohannes
840 2953 978 3015 famulus
1001 2953 1143 3016 filiorum
1160 2954 1277 3016 Donati
1296 2968 1405 3016 contra
1423 2954 1502 3017 Gre-

237 3062 363 3142 gorium
390 3062 464 3122 laxe
490 3060 617 3141 jurabit,
640 3059 728 3142 quod
745 3079 819 3121 eum
845 3059 877 3120 in
901 3058 1064 3141 quendam
1081 3059 1212 3120 calicem
1239 3061 1271 3121 in
1295 3060 1419 3122 socium
1437 3079 1503 3122 non

237 3167 480 3247 assumpsisse13
504 3167 673 3228 etiterum
698 3167 767 3227 vice
792 3185 882 3227 versa
906 3164 1023 3245 jurabit
1046 3164 1134 3245 quod
1161 3164 1301 3246 quedam
1326 3166 1503 3248 lignamina

238 3273 278 3335 de
311 3293 367 3334 sua
399 3272 498 3335 domo
530 3292 596 3334 non
627 3272 817 3354 recepisset;
857 3271 1009 3352 idemque
1041 3269 1218 3351 Gregorius
1248 3270 1383 3351 jurabit,
1415 3271 1504 3353 quod

238 3399 370 3441 censum
394 3379 511 3440 domus
535 3379 593 3440 sibi
619 3398 684 3439 non
709 3377 891 3439 dimisisset.

344 3485 422 3545 Item
447 3484 608 3545 Iohannes
632 3484 761 3567 sellipar
785 3498 894 3545 contra
926 3483 1118 3545 Michaelem
1147 3484 1299 3545 lectorem
1331 3484 1436 3566 primo
1460 3483 1503 3546 ci-

238 3603 321 3650 tatus
345 3609 409 3651 non
434 3590 623 3671 comparuit.

344 3695 422 3757 Item
446 3708 560 3757 octavo
584 3694 636 3756 die
661 3695 705 3757 St.
723 3694 808 3756 filius
833 3694 979 3757 Cernech
1003 3713 1059 3775 per
1078 3694 1239 3756 Donatum
1264 3710 1295 3757 et
1318 3696 1502 3778 privignum

240 3802 464 3884 Endreykonis
494 3802 715 3863 testimonium
747 3820 843 3882 super
876 3821 926 3880 eo,
958 3801 1046 3881 quod
1079 3799 1174 3861 frater
1206 3801 1327 3863 Zaualo
1359 3815 1391 3863 et
1419 3802 1504 3863 filius

239 3910 346 3991 Matey
371 3907 500 3970 fratrem
524 3926 618 3969 suum
643 3908 877 3989 percussissent,
904 3907 1122 3968 testimonium
1145 3908 1313 3988 producet.

344 4014 421 4075 Item
435 4013 598 4095 quiudene
614 4027 688 4075 sunt
707 4013 864 4094 assignate
883 4013 1026 4074 Marketo
1041 4012 1202 4076 aurifabro
1220 4013 1260 4074 ad
1274 4013 1502 4079 redImendum

239 4120 373 4181 domum
397 4139 487 4181 suam
513 4119 701 4181 Sebastiano
718 4120 965 4201 inpignoratam,
988 4117 1068 4179 iufra
1086 4139 1165 4200 quas
1182 4119 1207 4179 si
1232 4121 1355 4182 venerit
1372 4134 1403 4182 et
1419 4121 1502 4182 redi·

238 4226 343 4305 merit,
367 4227 448 4286 bene
472 4225 615 4306 quidem,
640 4225 718 4285 alias
755 4225 815 4306 ipsi
847 4224 981 4286 domino
1014 4223 1181 4285 Anthonio
1213 4225 1264 4285 vel
1288 4227 1424 4308 pecunia
1447 4246 1504 4309 per

239 4351 408 4413 personam
432 4331 573 4392 debitam
591 4331 771 4392 exsolvetur
788 4345 842 4392 aut
858 4332 975 4392 domus
991 4344 1145 4393 statuetur
1161 4331 1230 4392 sine
1249 4332 1313 4393 ulla
1330 4332 1502 4398 dilacione.

346 4437 423 4497 Item
449 4435 609 4517 Georgius
625 4436 783 4499 Filentich
801 4457 833 4497 se
850 4437 1010 4498 secundus
1034 4451 1143 4499 contra
1162 4439 1270 4521 Matey
1294 4436 1372 4500 feria
1390 4454 1502 4521 quarta
1574 4416 1578 4423 Ι

239 4542 357 4622 jurabit
381 4543 469 4623 quod
492 4542 576 4603 XIIII
601 4543 744 4624 pondera
769 4543 891 4623 argenti
916 4561 982 4604 non
1006 4543 1177 4606 habuisset.

345 4647 424 4710 Item
449 4647 603 4730 Iglaricha
628 4663 737 4709 contra
770 4647 1024 4710 Ferekouicham
1057 4651 1161 4731 prImo
1201 4651 1293 4713 citata
1325 4671 1391 4713 non
1415 4668 1504 4713 com·

238 4767 353 4836 paruit.
