3488 5250
240 305 299 366 160
617 305 703 362 Anno
725 301 818 381 1360.
842 339 886 348 -
908 317 957 379 13.
980 305 1091 363 martii.

341 513 419 576 Item
444 512 592 596 Mychael
615 528 725 576 contra
742 514 918 575 Jurironem
937 513 979 574 ad
1002 526 1076 574 octo
1092 512 1160 574 dien
1184 512 1302 595 recepit
1324 512 1499 575 terminum

238 619 279 681 ad
303 619 574 700 respondendum.

341 725 420 787 Item
444 724 592 808 Mychael
615 740 646 787 et
670 725 780 785 Mareu
804 736 914 785 contra
939 722 1084 785 Cernech
1108 723 1148 785 ad
1181 736 1255 785 octo
1278 722 1348 785 dies
1370 742 1499 805 recepe·

237 845 311 894 runt
333 832 507 894 terminum
532 831 573 893 ad
594 829 865 914 respondendum.

343 938 420 999 Item
445 937 571 999 Malech
595 952 705 999 contra
730 937 823 999 Sorae
848 935 990 999 secundo
1018 936 1131 999 citatus
1155 954 1220 996 non
1245 933 1434 1016 comparuit.

343 1043 421 1106 Item
444 1044 545 1105 lector
569 1057 677 1105 contra
702 1043 887 1123 Horgocam
911 1042 1016 1124 primo
1040 1041 1154 1103 citatus
1176 1058 1242 1102 non
1266 1039 1456 1121 comparuit.

344 1149 422 1211 Item
453 1149 649 1232 Meynardus
680 1161 788 1209 contra
821 1146 994 1209 Cristinam
1024 1147 1065 1209 ad
1096 1158 1169 1208 octo
1202 1145 1270 1208 dica
1299 1145 1419 1227 recepit
1441 1157 1502 1206 ter·

238 1254 362 1316 mittum
387 1255 428 1316 ad
453 1254 724 1336 respondendum.

343 1360 420 1422 Item
445 1380 525 1423 uxor
549 1360 700 1422 Domiaui
734 1358 878 1420 woschar
909 1372 1018 1420 contra
1049 1357 1246 1419 Domianum
1278 1356 1318 1418 de
1342 1353 1502 1418 Kraleuch

237 1466 379 1528 sec'undo
408 1467 501 1527 citata
523 1485 589 1527 non
613 1465 802 1546 comparuit.

344 1572 422 1633 Item
446 1572 578 1633 domIna
612 1571 731 1633 Cecilia
767 1583 877 1632 contra
908 1588 1041 1630 uxorem
1073 1567 1219 1631 Cemech
1242 1567 1385 1629 necundo
1408 1567 1503 1629 citata

238 1696 302 1740 non
328 1678 517 1759 comparuit.

345 1783 422 1844 Item
447 1783 559 1844 Petrus
582 1782 677 1844 Zolar
701 1796 809 1844 contra
835 1782 1003 1843 Marenum
1027 1779 1184 1841 decanum
1203 1779 1243 1841 ad
1267 1793 1340 1840 octo
1364 1777 1433 1840 dien
1457 1797 1503 1839 re-

239 1889 324 1972 cepit
346 1890 520 1951 terminum
544 1888 584 1950 ad
609 1887 882 1969 respondendum.

345 1995 423 2057 Item
449 1993 627 2075 Gregurich
652 2006 761 2055 contra
778 1994 943 2056 Emricum
965 1993 1070 2075 primo
1095 1992 1208 2054 citatus
1223 2011 1289 2054 non
1314 1990 1503 2071 comparuit.

346 2100 424 2161 Item
449 2114 563 2161 octavo
588 2099 639 2161 die
657 2099 794 2160 Michael
819 2111 907 2160 sutor
925 2111 1034 2160 contra
1058 2097 1248 2159 Bankonem
1264 2109 1330 2158 met
1345 2094 1505 2157 secundun

239 2223 335 2287 super
359 2205 514 2267 effusione
538 2205 704 2285 aanguInis
727 2204 822 2266 debet
845 2204 959 2285 jurare.

319 2426 416 2505 Nota.
444 2425 532 2513 quod
559 2424 645 2495 feria
673 2435 773 2495 sexta
800 2425 955 2513 proxima
983 2431 1060 2512 post
1088 2424 1289 2494 dominicam
1319 2420 1424 2494 Oculi.

764 2577 826 2652 (13.
858 2576 980 2651 murtit').

346 2734 454 2794 Primo
489 2733 593 2794 Draxe
633 2745 741 2794 contra
777 2731 914 2793 Paulum
947 2744 1108 2792 cantorem
1148 2731 1253 2812 primo
1289 2730 1402 2791 citatus
1436 2748 1502 2790 non

241 2840 429 2921 comparuit.

347 2944 423 3005 Item
451 2957 565 3006 octavo
590 2944 641 3005 die
666 2944 765 3005 Jurko
788 2943 881 3025 piuar
915 2957 1024 3005 contra
1049 2942 1241 3004 Michaelem
1265 2941 1366 3004 filium
1392 2940 1505 3003 Kuche

240 3070 297 3132 per
321 3051 463 3111 relictam
497 3049 722 3132 Endreykonis
754 3063 784 3110 et
816 3067 949 3110 uxorem
981 3047 1106 3109 Nicolai
1130 3045 1188 3109 filii
1220 3046 1387 3109 Benedicti
1411 3065 1507 3128 super

242 3156 428 3217 vulneribus
451 3156 672 3217 testimonium
696 3154 872 3236 producere
898 3154 1004 3215 debet.

347 3262 424 3324 Item
443 3261 588 3323 Thomas
604 3274 713 3322 contra
730 3260 806 3322 Iuan
823 3260 962 3321 Plauecb
979 3259 1083 3341 primo
1098 3259 1211 3320 citatus
1232 3277 1299 3319 non
1312 3258 1503 3340 comparuit.

347 3368 426 3429 Item
450 3381 564 3428 octavo
589 3367 639 3427 die
670 3367 847 3428 Damianus
879 3379 988 3426 contra
1021 3365 1149 3425 Petrum
1183 3364 1279 3426 debet
1301 3363 1506 3446 respondere.
1598 3357 1604 3372 ⁴

349 3472 426 3534 Item
452 3490 632 3552 causaque
660 3472 793 3532 vertitur
824 3470 906 3531 iuter
938 3472 1105 3532 Marenum
1139 3470 1297 3531 decanum
1321 3482 1353 3531 et
1377 3469 1507 3530 Petrum

244 3576 338 3638 Zolar
362 3576 402 3638 ad
427 3591 500 3638 octo
525 3576 594 3638 dies
617 3576 656 3637 ad
681 3595 793 3658 pacem
818 3591 864 3638 est
888 3589 1068 3657 prorogata.

349 3681 428 3742 Item
452 3680 588 3763 Mykech
612 3680 697 3742 iilius
729 3680 872 3741 Franche
905 3695 1015 3741 contra
1046 3679 1217 3741 dominum
1241 3681 1370 3741 Petrum
1401 3679 1507 3761 pritno

244 3783 357 3845 citatus
386 3804 452 3846 non
481 3787 669 3868 comparuit.

351 3891 428 3952 Item
452 3891 556 3954 Draxe
589 3905 697 3952 contra
731 3889 856 3952 Mikech
891 3890 993 3952 filium
1027 3888 1140 3951 Hench
1164 3889 1270 3970 primo
1298 3889 1411 3950 citatus
1441 3908 1508 3951 non

246 3996 433 4074 comparuit.

351 4099 428 4159 Item
453 4114 567 4162 octavo
592 4100 644 4161 die
669 4100 863 4182 Meynardua
895 4119 951 4181 per
975 4100 1101 4162 Mikecb
1134 4099 1237 4161 filium
1261 4099 1433 4178 Francinci‚
1458 4100 1509 4161 Ja-

247 4202 364 4263 cobum
392 4205 464 4263 Kun
498 4217 528 4265 et
559 4205 694 4265 Pansam
732 4219 841 4265 contra
876 4205 1048 4266 CristInam
1080 4205 1299 4266 testimonIum
1330 4204 1509 4285 producere

248 4305 343 4368 debet
365 4326 465 4388 supeo
492 4327 541 4386 eo,
566 4309 654 4389 quod
672 4311 816 4371 universe
842 4329 935 4370 cause
953 4309 1034 4370 inter
1051 4309 1136 4390 ipsos
1161 4324 1247 4370 mote
1271 4310 1322 4371 vel
1346 4309 1507 4372 moveude

247 4413 374 4492 penitus
397 4413 504 4474 sedate
533 4415 717 4475 extitissent.

353 4516 431 4577 Item
455 4518 602 4598 quamvis
626 4518 761 4578 Michaei
786 4531 874 4579 sutor
891 4517 1047 4579 hodierna
1063 4518 1115 4579 die
1138 4530 1205 4580 met
1220 4518 1379 4580 secundus
1395 4532 1506 4581 contra

249 4617 338 4680 Bauk
351 4640 445 4701 super
464 4621 650 4684 vulneribus
666 4622 803 4683 debebat
816 4621 929 4698 jurare,
946 4636 1053 4683 tamen
1062 4621 1178 4703 juravit
1188 4637 1221 4684 ut
1238 4622 1359 4702 debuit,
1373 4623 1508 4706 Ipseque

250 4721 360 4784 Banito
385 4743 450 4784 non
475 4725 562 4786 venit
585 4745 643 4787 uec
666 4725 849 4786 Anthonius
864 4739 962 4803 autor,
986 4726 1042 4806 qui
1066 4725 1278 4789 fideiubuerat
1293 4746 1353 4809 pro
1381 4729 1508 4794 eodem.
