3488 5250
280 333 341 394 262
673 337 759 393 Anno
781 332 872 412 1565.
897 367 939 379 -
962 348 1009 397 11.
1035 336 1147 409 aprilis.

387 547 466 609 Item
491 545 645 608 Cricanus
669 544 708 606 de
733 545 885 606 Pobresia
910 559 1019 607 contra
1053 545 1232 608 Iohannem
1263 560 1418 608 sartorem
1442 546 1547 628 primo

281 652 395 715 citatus
420 671 485 714 non
510 651 699 733 comparuit.

285 812 287 817 ,
387 757 465 820 Item
490 757 608 819 Paulus
625 755 766 840 frenipar
782 770 892 820 contra
910 757 1016 819 Jamer
1032 757 1137 839 primo
1152 758 1265 821 citatus
1278 777 1343 820 non
1357 756 1549 840 comparuit.

387 863 465 925 Item
488 863 565 924 Iuan
588 864 709 946 boynik
733 876 847 925 octavo
873 863 925 924 die
949 879 1059 925 contra
1084 862 1186 926 Gocel
1210 863 1426 947 respondebit.

387 970 466 1031 Item
490 968 674 1030 Anthoniua
698 983 808 1030 contra
833 968 923 1030 Mark
940 982 1081 1031 sutorem
1104 968 1144 1030 ad
1170 982 1243 1031 octo
1268 969 1336 1031 dies
1352 969 1472 1051 recepit
1487 983 1547 1030 ter·

281 1075 407 1137 minum
433 1075 473 1137 ad
497 1073 770 1156 respondendum.

389 1181 467 1242 Item
492 1180 610 1242 Paulus
634 1194 743 1242 contra
768 1179 899 1242 Kokoth
923 1180 1028 1262 primo
1052 1180 1165 1242 citatus
1200 1199 1266 1242 non
1291 1179 1481 1262 comparuit.

388 1285 467 1348 Item
492 1285 646 1348 Crisanus
669 1298 779 1347 contra
804 1286 933 1347 Kunam
956 1286 1063 1367 primo
1087 1287 1201 1348 citatus
1225 1305 1289 1348 non
1314 1285 1504 1368 comparuit.

387 1393 466 1454 Item
489 1392 515 1453 si
539 1411 641 1473 usque
666 1404 815 1453 octavum
839 1391 926 1453 diem
950 1391 1062 1453 Banko
1080 1392 1218 1453 Iacobus
1236 1405 1266 1453 et
1290 1390 1431 1452 famulus
1446 1390 1548 1453 Bene·

282 1498 360 1561 dicti
387 1499 510 1581 palium
535 1498 644 1580 Matey
668 1516 733 1559 non
758 1497 948 1576 invenirent,
968 1510 1045 1559 tunc
1069 1497 1137 1558 eius
1160 1498 1305 1579 precium
1328 1497 1389 1558 sibi
1413 1496 1548 1561 solvent.

391 1605 469 1666 Item
504 1604 550 1666 St.
582 1602 666 1665 filius
699 1602 845 1665 Cernech
881 1616 991 1665 contra
1025 1602 1169 1664 Blasium
1201 1605 1307 1685 prImo
1339 1603 1452 1664 citatus
1483 1622 1548 1665 non

283 1710 474 1792 comparuit.

390 1815 469 1876 Item
494 1814 656 1876 Iohannes
687 1813 809 1876 Iaricha
842 1828 952 1876 contra
985 1813 1176 1895 Gregorium
1202 1815 1307 1897 prImo
1343 1814 1456 1876 citatus
1484 1833 1549 1876 non

284 1919 474 2004 comparuit.

393 2027 471 2089 Item
497 2025 643 2087 Thomas
667 2026 853 2088 Klobuchar
876 2039 986 2088 contra
1003 2024 1155 2107 EgidIum
1180 2024 1351 2107 pellificem
1375 2026 1481 2108 primo
1506 2027 1549 2088 ci·

283 2147 367 2196 tatus
391 2153 457 2195 non
482 2133 671 2215 comparuit.

390 2240 467 2301 Item
494 2238 580 2300 Mike
603 2252 714 2299 contra
737 2255 871 2299 uxorem
889 2237 964 2298 Iuan
986 2236 1026 2298 ad
1050 2251 1124 2299 octo
1141 2237 1209 2298 dies
1233 2239 1353 2318 recepit
1376 2238 1549 2298 terminum

283 2344 324 2407 ad
348 2343 621 2425 respondendum.

389 2449 467 2510 Item
486 2467 586 2529 usque
603 2447 783 2529 quindenas
800 2447 901 2510 Cursa
918 2448 957 2510 de
975 2446 1107 2510 Rabuch
1124 2463 1249 2510 tenetur
1265 2449 1389 2510 solvere
1407 2448 1548 2510 chrico

284 2555 412 2639 pellifici
438 2555 492 2616 LV
517 2554 677 2631 denarIos,
701 2553 777 2634 quia
803 2554 917 2616 iuravit
940 2573 999 2635 pro
1026 2555 1081 2615 eis.

392 2661 469 2722 Item
488 2679 581 2721 causa
596 2660 703 2741 Matey
720 2672 751 2720 et
768 2659 880 2720 Petren
899 2673 945 2721 est
962 2660 1001 2721 ad
1016 2678 1088 2721 octo
1103 2660 1171 2722 dies
1188 2659 1228 2720 ad
1241 2679 1352 2742 pacem
1366 2674 1547 2742 prorogata.

392 2767 471 2827 Item
496 2784 598 2846 usque
622 2764 802 2845 quiudenas
823 2765 1006 2827 Demetrius
1022 2779 1179 2827 mercator
1203 2766 1299 2828 debet
1321 2767 1444 2828 solvere
1463 2767 1550 2849 Span

284 2871 397 2934 Xflor.
423 2885 453 2932 et
476 2891 578 2932 unum
602 2890 736 2953 porcum
760 2871 794 2932 in
810 2872 926 2954 specie,
950 2873 1026 2953 quia
1051 2872 1186 2933 iurando
1204 2891 1278 2935 eum
1292 2871 1341 2933 his
1364 2872 1424 2933 sibi
1447 2872 1549 2933 teneri

286 2977 520 3060 comprobavit,
545 2976 696 3058 idemque
720 2989 768 3039 ter
790 2977 903 3039 citatus
928 2997 991 3038 non
1017 2977 1206 3058 comparuit.

391 3083 470 3145 Item
495 3102 597 3163 usque
621 3083 801 3164 quindenas
833 3083 971 3143 Iacobus
1002 3083 1075 3143 Kun
1106 3097 1231 3144 tenetur
1262 3084 1385 3146 solvere
1411 3084 1550 3145 Martino

287 3187 412 3269 Reyniz
437 3187 476 3248 III
501 3206 623 3248 marcas
647 3186 864 3248 denariorum.

391 3291 507 3354 Adhuc
530 3312 568 3354 ex
593 3291 889 3375 superhabundanti
913 3293 1069 3354 termInus
1085 3293 1261 3354 solucionis
1286 3294 1378 3356 datus
1402 3308 1449 3356 est
1466 3293 1551 3355 Rad-

286 3397 362 3460 koni
380 3411 415 3460 ut
430 3398 533 3460 solvat
549 3417 652 3479 usque
669 3398 848 3479 quindenas
861 3397 1010 3460 Cristano
1029 3399 1070 3460 VI
1084 3397 1223 3460 florenos
1235 3413 1266 3460 et
1276 3398 1378 3461 XXIII
1392 3399 1551 3461 denarIos.

392 3505 470 3566 Item
496 3523 589 3565 causa
614 3504 722 3566 relicte
747 3504 837 3565 Pauli
862 3518 893 3565 et
909 3503 1065 3566 Iohannis
1089 3503 1169 3566 fabri
1188 3521 1233 3566 est
1257 3505 1296 3567 ad
1321 3519 1394 3568 octo
1420 3506 1487 3567 dies
1510 3504 1551 3568 ad

287 3629 399 3692 pacem
427 3624 608 3691 prorogata.

393 3715 470 3777 Item
496 3715 620 3776 Biasius
651 3730 751 3777 sartor
782 3731 891 3778 contra
922 3715 1112 3777 Michaelem
1145 3714 1271 3776 fabrum
1298 3717 1407 3811 primo
1439 3717 1552 3778 citatus

287 3840 353 3882 non
385 3821 574 3902 comparuit.

393 3927 471 3988 Item
495 3927 679 4010 Merelynus
703 3928 834 3990 nomiue
851 3946 983 3989 suorum
1000 3927 1210 4008 j0bagi0num
1235 3941 1344 3989 contra
1369 3926 1550 3989 Iohannem

287 4032 414 4094 fabrum
438 4053 503 4095 uon
526 4034 715 4117 comparuit,
740 4053 838 4115 quare
863 4034 896 4095 in
920 4033 1047 4095 duobus
1075 4033 1202 4114 judiciis
1225 4034 1386 4097 remansit.

393 4139 471 4200 Item
494 4139 618 4200 Blasius
642 4153 752 4202 contra
777 4141 819 4203 M.
846 4140 881 4202 L.
905 4139 1011 4220 prImo
1036 4139 1149 4200 citatus
1173 4157 1237 4199 non
1263 4139 1455 4220 comparuit.

393 4245 472 4305 Item
484 4244 608 4306 Blasius
621 4260 722 4306 sartor
731 4260 840 4307 contra
854 4244 1030 4327 Georgium
1044 4246 1148 4327 primo
1158 4245 1271 4306 citatus
1284 4265 1348 4305 non
1363 4244 1552 4328 comparuit.

603 4409 699 4483 Feria
729 4417 835 4484 tercia
865 4421 941 4502 post
968 4422 1108 4484 octavas
1137 4413 1250 4484 Pasce.

814 4556 873 4623 (11.
904 4548 1029 4624 aputu).

394 4670 502 4732 Primo
544 4671 674 4753 Mykow
706 4683 815 4731 contra
855 4669 1024 4732 dominum
1058 4669 1164 4732 Deseu
1196 4671 1301 4751 primo
1336 4670 1449 4731 citatus
1486 4685 1554 4732 non

289 4774 478 4856 comparuit.
