3488 5250
243 338 317 434 354‘
620 350 706 410 Aina
728 349 818 428 1365:
845 361 898 395 —‘
904 362 938 427 5.
967 350 1127 411 decembris.

346 562 423 624 ltern
452 561 574 624 Obram
599 562 694 624 Zolar
718 563 828 623 contra
844 560 952 643 Arney
969 559 1067 622 lercio
1089 561 1202 623 citatus
1225 558 1291 623 no'n
1316 561 1505 644 comparuit.

345 670 424 731 Item
442 669 568 730 Kusech
594 683 704 730 contra
728 667 874 729 Pezdech
906 667 1008 750 prima
1037 667 1193 729 citacione
1217 647 1281 729 non
1316 667 1504 750 comparuit.

348 775 425 837 ltem
450 773 578 856 Dragen
602 787 711 835 contra
736 771 879 863 relictam
905 773 995 834 Pauli
1020 772 1123 854 prima
1148 773 1304 834 citacione
1328 792 1392 834 non
1417 792 1503 834 com-

240 882 356 964 paruit.

283 1098 382 1172 Feria
411 1110 509 1170 sexta
537 1102 692 1187 proxima
720 1106 798 1170 ante
826 1098 949 1169 festum
977 1100 1068 1168 beati
1097 1097 1225 1199 Nicolai
1254 1099 1399 1186 episcopi
1428 1105 1461 1168 et
1501 1109 1510 1122 ”

763 1222 977 1293 confessoris.

750 1383 790 1451 (5.
814 1375 985 1451 decembris).

347 1516 456 1577 Primo
481 1515 515 1576 P.
541 1512 625 1576 filius
650 1492 724 1576 God
741 1528 851 1576 contra
872 1514 1016 1576 Marcum
1040 1511 1143 1574 filium
1162 1511 1251 1573 Kuce
1274 1512 1442 1594 proposuit
1465 1531 1504 1573 eo

242 1620 354 1699 modo,
380 1633 414 1682 ut
438 1621 504 1702 ipse
530 1622 573 1682 M.
598 1618 737 1702 quadam
762 1619 815 1680 die
843 1619 1002 1701 preterita,
1025 1617 1177 1679 videlicet
1208 1618 1304 1679 tercia
1328 1615 1406 1679 feria
1431 1633 1503 1680 ante

241 1725 358 1789 festum
384 1726 574 1809 predictum,
599 1727 702 1809 ipsum
729 1727 762 1789 P.
787 1726 819 1786 in
844 1724 942 1787 doino
964 1723 1009 1787 St.
1034 1723 1090 1786 filii
1116 1725 1206 1786 Kuce
1230 1723 1333 1808 culpis
1357 1726 1422 1786 'suis
1438 1726 1503 1787 noir

243 1828 443 1914 exigentibus
467 1852 568 1894 unum
601 1832 737 1913 digitum
770 1851 863 1893 suum
897 1830 1124 1907 demactas‘set3
1149 1831 1204 1892 ubi
1237 1831 1281 1896 M.
1304 1831 1505 1913 supradictus

243 1939 418 2021 respondit,
443 1938 531 2020 quod
563 1938 630 2020 ipse
662 1938 767 2020 ipsum
798 1939 832 2002 P.
864 1957 959 2021 super
983 1958 1015 1999 se
1051 1936 1260 2015 vulnerasset,
1291 1935 1322 1998 et
1345 1936 1441 1999 debet
1463 1932 1504 1998 dd

240 2059 314 2106 octo
340 2044 407 2104 dies
432 2043 609 2125 producere
625 2041 847 2105 testimouium
864 2063 958 2125 super
981 2042 1042 2105 hoc
1058 2051 1114 2125 pe'r
1138 2040 1274 2104 Paulum
1290 2041 1504 2124 vigilatorem,

239 2151 382 2212 Blasium
407 2151 616 2228 sacerdotem,
641 2149 743 2211 filium
769 2149 901 2212 Chuech
926 2164 957 2212 et
981 2149 1026 2211 St.
1051 2148 1153 2210 filium
1180 2147 1332 2210 Franche.
1428 2146 1431 2149 ’

343 2257 422 2318 ltem
448 2255 493 2318 St.
519 2254 603 2316 filius
627 2256 716 2316 Kuce
740 2269 848 2316 contra
874 2255 982 2316 Rados
1006 2255 1101 2316 Zolar
1123 2254 1164 2316 ad
1189 2269 1261 2316 octo
1286 2255 1354 2316 dies
1376 2268 1503 2318 tenetur

238 2362 443 2443 respondere.

345 2467 423 2528 ltem
446 2468 582 2529 Peterko
606 2480 695 2528 sutor
719 2479 828 2527 contra
846 2464 1024 2546 Georgium
1049 2467 1087 2527 ad
1114 2481 1187 2528 octo
1214 2466 1282 2529 dies
1306 2467 1426 2548 recepit
1440 2478 1502 2529 ter-

240 2574 364 2635 minum
390 2573 429 2634 ad
455 2572 726 2654 respondendum.

344 2697 421 2758 ltem
447 2695 592 2757 Thomas
616 2695 781 2778 proximus
804 2681 831 2758 J'.
856 2681 912 2756 lilii
931 2688 1099 2756 Laurencii
1124 2696 1163 2756 ad
1189 2710 1262 2757 octo
1287 2696 1355 2757 dies
1377 2708 1503 2758 tenetur

238 2817 269 2864 et
293 2802 466 2883 assumpsit
488 2801 664 2884 producere
688 2800 908 2862 testimonium
927 2815 1036 2862 contra
1065 2802 1233 2863 Marenum
1257 2792 1501 2864 subsoliatorem

238 2928 295 2990 per
319 2909 387 2969 Kus
411 2906 603 2986 carnificem,
628 2898 767 2968 Munech
784 2921 815 2968 et
831 2889 1041 2969 Benedictum
1059 2908 1205 2969 similiter
1229 2907 1391 2970 carnifices
1407 2928 1503 2990 super

238 3033 288 3091 e0,
314 3013 401 3094 quod
427 3009 494 3094 ipse
520 3014 630 3074 Maren
655 3013 759 3093 ipsum
788 3014 985 3075 vulnerasset
1008 3014 1075 3073 sine
1108 3014 1202 3094 culpa
1233 3034 1308 3091 sua;
1333 3029 1364 3076 et
1388 3035 1404 3077 e
1428 3034 1502 3077 con-

238 3139 329 3180 verso
364 3120 474 3189 Maren
502 3118 706 3200 supradictus
738 3118 884 3180 similiter
914 3132 1040 3180 tenetur
1076 3119 1251 3200 producere
1282 3115 1502 3182 testimonium

239 3239 348 3286 contra
373 3207 512 3285 eundern
537 3224 700 3286 Thomam
725 3245 781 3307 per
807 3225 839 3286 Ρ.
865 3225 1004 3302 Melina,
1034 3225 1197 3287 Emricum
1224 3224 1345 3287 Kocich
1379 3240 1409 3303 et
1434 3227 1501 3288 Ma·

239 3330 339 3392 thiam
365 3328 527 3391 carnifices
550 3350 645 3411 super
668 3351 719 3410 eu,
751 3331 839 3412 quod
864 3331 967 3393 dictus
991 3331 1031 3392 T.
1064 3331 1168 3413 ipsum
1192 3345 1268 3394 tunc
1300 3326 1368 3394 sine
1399 3332 1502 3414 culpis

238 3437 304 3497 suis
328 3430 535 3497 vulnerasset.

342 3542 419 3602 ltem
446 3541 605 3602 Henricus
629 3540 758 3623 pellifex
784 3536 893 3604 contra
926 3542 1069 3604 Marcum
1094 3541 1267 3624 pellificem
1298 3544 1400 3625 prima
1424 3521 1501 3604 cita-

238 3647 329 3708 cione
355 3667 419 3708 non
445 3637 634 3727 comparuit.

344 3753 422 3813 Item
446 3752 555 3813 Bartol
579 3753 717 3835 lapicida
742 3767 853 3815 contra
875 3772 1007 3837 uxorem
1034 3751 1182 3834 Gregorii
1207 3753 1349 3839 secundo
1389 3750 1501 3817 citatus

238 3876 303 3918 non
329 3858 519 3939 comparuit.

343 3964 423 4024 ltem
446 3963 615 4025 statuimus
639 3963 765 4025 vineam
792 3967 818 4027 J.
842 3963 899 4027 filii
925 3965 1053 4042 Cemer,
1078 3952 1198 4026 Finech
1219 3985 1276 4047 pto
1300 3965 1422 4048 judicio
1445 3965 1501 4028 ad-

237 4066 389 4150 judicato,
403 4088 504 4151 usque
529 4054 708 4151 quindenas
731 4070 756 4131 si
774 4071 947 4150 redimerit,
969 4074 1050 4134 bene
1068 4072 1211 4153 quidem,
1235 4071 1380 4154 alioquin
1397 4073 1498 4154 ipsam

236 4174 364 4236 vineam
389 4174 474 4236 idern
499 4157 667 4258 optinebit.

342 4281 421 4342 ltem
446 4281 576 4362 Drugen
601 4296 710 4342 contra
735 4282 877 4344 relictam
910 4284 1001 4345 Pauli
1026 4283 1147 4345 Debele
1172 4283 1311 4345 secunda
1344 4284 1499 4346 citacione

237 4405 304 4447 non
328 4386 517 4469 comparuit.

300 4560 305 4572 „
344 4491 422 4553 ltem
447 4491 586 4554 Michael
612 4491 700 4554 leber
724 4508 754 4555 et
778 4494 916 4556 lacobus
948 4496 1084 4557 condam
1108 4492 1203 4577 judex
1227 4510 1337 4558 contra
1369 4492 1413 4559 St.
1439 4478 1500 4558 lra-

235 4608 317 4657 trem
343 4597 379 4659 L.
403 4595 545 4659 secundo
570 4599 655 4660 citati
680 4619 745 4660 non
774 4616 1032 4681 comparuerunt.

342 4700 423 4764 Item
446 4702 557 4765 Maren
582 4702 721 4766 carnifex
746 4718 855 4767 contra
880 4706 984 4769 Viden
1007 4708 1110 4791 prima
1143 4700 1298 4772 citacione
1322 4709 1387 4773 iron
1412 4729 1499 4772 com·

236 4807 352 4890 paruit.
