3488 5250
265 374 325 437 174
664 358 751 417 Anno
771 355 865 436 1360.
889 392 932 402 -
955 372 1005 433 19.
1022 359 1115 434 jand.
1480 328 1492 356 ⁶

303 575 406 646 Sexta
433 566 519 647 feria
547 576 704 665 proxima
731 585 807 666 post
835 577 963 649 dietum
989 577 1116 650 festum
1143 577 1318 650 beatorum
1347 578 1416 649 Viti
1446 587 1479 651 et

707 701 847 774 Modesti
875 702 1067 773 martirum.

797 854 861 929 (19.
876 852 985 930 junio.

365 1010 473 1071 Primo
497 1009 643 1092 Dragech
661 1024 770 1072 contra
795 1011 963 1072 Marenum
980 1010 1085 1092 primo
1113 1008 1225 1071 citatus
1242 1029 1307 1071 non
1331 1010 1522 1094 comparuit.

364 1115 443 1178 Item
467 1115 626 1179 Jauchech
651 1129 761 1178 contra
778 1117 966 1198 magistrum
983 1115 1165 1179 Iohannem
1188 1116 1294 1199 primo
1318 1116 1432 1178 citatus
1454 1137 1520 1179 non

259 1222 448 1306 comparuit.

367 1327 443 1390 Item
470 1328 607 1390 Iacobus
637 1327 722 1390 filius
746 1327 864 1390 Cosme
897 1341 1007 1390 contra
1036 1327 1141 1389 Eliam
1165 1327 1391 1390 stacionarium
1415 1329 1520 1411 primo

260 1432 372 1495 citatus
395 1452 461 1495 uon
486 1434 674 1516 comparuit.

365 1538 443 1600 Item
467 1541 613 1601 Andreas
644 1540 684 1602 de
709 1540 820 1623 Spinal
852 1553 961 1602 contra
992 1538 1096 1602 filiam
1128 1537 1262 1602 Gonche
1291 1539 1331 1600 ad
1355 1552 1429 1601 octo
1453 1537 1521 1600 dies

258 1645 380 1727 recepit
402 1645 577 1707 terminum
602 1646 642 1706 ad
666 1645 936 1727 respondendum.

364 1752 441 1813 Item
466 1752 617 1813 domiuus
640 1751 765 1814 Blaaiua
788 1753 945 1834 plebanus
973 1765 1004 1814 et
1036 1750 1189 1814 Criaanus
1220 1753 1297 1814 civis
1329 1751 1521 1814 Grechensis

258 1871 444 1920 executores
466 1857 647 1918 testamenti
672 1856 828 1919 Anthonii
860 1857 939 1919 olim
962 1855 1077 1938 judicis
1108 1858 1252 1919 eiusdem
1277 1857 1413 1920 civitatis
1444 1876 1520 1919 con·

259 1961 332 2025 iessi
357 1977 430 2025 sunt
454 1983 493 2025 eo
517 1963 627 2042 modo,
651 1964 740 2044 quod
763 1963 845 2025 sicut
868 1963 954 2025 idern
986 1962 1136 2025 dominus
1159 1962 1343 2026 Anthonius
1374 1976 1519 2045 ternpore

257 2069 321 2130 vite
344 2090 400 2132 sue
425 2068 594 2132 dominum
628 2067 757 2130 Petrum
789 2068 890 2130 filium
924 2069 1043 2151 Ligerii
1075 2069 1290 2132 constituisset
1318 2082 1458 2132 tutorem
1490 2082 1521 2130 et

256 2189 497 2257 procuratorem
522 2177 683 2237 bonorum
713 2194 844 2236 suorum
870 2189 901 2236 et
932 2189 1146 2254 executorem,
1171 2175 1214 2237 ita
1245 2188 1276 2237 et
1299 2174 1359 2257 ipsi
1384 2193 1458 2236 eum
1483 2193 1520 2235 ea

257 2301 342 2343 nunc
365 2294 475 2343 contra
501 2281 673 2343 Matrinum
698 2279 802 2342 filium
826 2279 982 2341 Anthonii
1014 2292 1045 2342 et
1075 2293 1256 2342 consortem
1288 2299 1379 2341 suam
1403 2279 1520 2340 conati·

256 2386 390 2449 tuissent
412 2399 651 2469 procuratorem
676 2399 707 2447 et
730 2385 964 2448 constituerunt
986 2405 1094 2447 coram
1119 2386 1221 2447 nobis.

362 2495 440 2559 Item
467 2493 622 2556 Martinus
644 2492 729 2554 filius
753 2491 908 2554 Anthonii
933 2505 1042 2554 contra
1059 2491 1228 2553 dominum
1253 2493 1382 2552 Petrum
1400 2491 1519 2573 Ligerii

256 2600 361 2682 primo
385 2601 497 2663 citatus
520 2619 585 2660 non
614 2598 803 2679 comparuit,
829 2617 887 2659 nec
918 2612 1028 2661 contra
1052 2596 1214 2681 predictos
1245 2596 1415 2659 domiuum
1447 2596 1520 2658 Bla-

256 2705 339 2768 sium
363 2706 537 2789 plebanum
562 2718 594 2766 et
617 2704 798 2767 Crisanum.

362 2813 440 2875 Item
464 2825 578 2874 octavo
603 2811 655 2873 die
680 2811 782 2873 Pausa
805 2824 916 2872 contra
939 2809 1042 2871 filium
1068 2808 1202 2872 Gonche
1226 2829 1283 2891 per
1306 2808 1518 2871 balniatorem

243 2901 369 2982 'Gerini
395 2932 426 2980 et
460 2937 593 2979 uxorem
625 2936 716 2978 suam
751 2915 971 2978 testimonium
1007 2915 1185 2997 producere
1221 2915 1316 2977 debet
1351 2935 1446 2997 super
1469 2933 1520 2993 eo,

256 3024 344 3105 quod
369 3024 475 3085 nudus
499 3024 531 3084 in
555 3024 681 3084 stubam
705 3023 760 3083 ubi
778 3021 909 3084 domine
927 3021 1152 3083 balniabantur
1175 3021 1331 3099 intrasset,
1351 3017 1471 3082 iaciens
1486 3039 1520 3080 se

256 3130 450 3191 minutorenr
475 3130 604 3191 dixisset
627 3149 659 3189 se
684 3128 768 3189 velle
792 3128 937 3189 minuere
961 3128 1161 3208 sangumem.

361 3236 440 3297 Item
458 3235 592 3318 Symon,
616 3236 753 3297 Iacobus
777 3249 809 3295 et
825 3232 986 3313 Georgius
1001 3247 1096 3294 testes
1120 3252 1176 3314 per
1199 3233 1331 3294 luanam
1348 3231 1518 3293 mulierem

256 3356 365 3403 contra
383 3343 469 3402 Mike
493 3355 633 3403 sutorem
659 3341 817 3422 producti,
841 3340 945 3401 taliter
961 3340 1131 3401 extiterunt
1155 3338 1323 3417 testificati,
1345 3338 1433 3419 quod
1451 3338 1519 3420 ipse

256 3466 327 3507 eam
358 3447 398 3507 ad
429 3447 534 3508 visum
570 3448 712 3529 ipsorum
748 3446 881 3528 turpiter
922 3465 1022 3526 usque
1057 3444 1098 3505 ad
1132 3445 1297 3525 sanguinis
1330 3443 1519 3506 effusionem

256 3553 463 3613 verberasset.

362 3657 439 3718 Item
472 3677 564 3718 causa
596 3677 657 3738 que
690 3657 821 3718 vertitur
852 3657 933 3718 Inter
965 3656 1178 3718 Laurencium
1211 3656 1350 3717 Vardich
1379 3670 1410 3716 et
1441 3654 1517 3717 luan

257 3761 396 3824 Plauech
421 3763 461 3823 ad
486 3776 558 3824 octo
583 3763 651 3824 dies
675 3762 714 3824 ad
738 3782 850 3844 pacem
875 3777 920 3824 est
943 3777 1124 3844 prorogata.

364 3869 440 3929 Item
467 3869 583 3929 Paulus
607 3867 696 3930 faber
720 3883 828 3930 contra
854 3868 914 3931 Sez
942 3869 1083 3930 secundo
1101 3869 1214 3931 citatus
1238 3888 1304 3929 non
1328 3869 1517 3950 comparuit.

361 3972 438 4034 Item
472 3973 633 4034 Iohannes
663 3974 786 4035 Zobota
818 3987 927 4035 contra
961 3973 1136 4055 Georgium
1170 3974 1274 4055 primo
1307 3975 1420 4036 citatus
1452 3995 1517 4036 non

257 4076 445 4159 comparuit.

362 4183 439 4243 Item
464 4183 593 4262 Zugaua
618 4198 729 4245 contra
754 4185 877 4246 Zotlam
900 4186 1004 4267 primo
1028 4186 1122 4246 citata
1146 4204 1210 4246 non
1236 4186 1424 4267 comparuit.

362 4289 440 4348 Item
465 4289 595 4367 Zugaua
618 4303 683 4349 met
706 4289 845 4350 secunda
870 4305 978 4352 contra
1004 4291 1172 4352 luaninum
1198 4290 1300 4371 jurare
1322 4290 1425 4353 debet.

361 4392 439 4453 Item
464 4392 625 4454 Iohannes
650 4392 789 4455 frenator
813 4410 922 4457 contra
946 4396 1111 4456 Vrbanum
1143 4394 1183 4455 ad
1208 4407 1281 4457 octo
1306 4394 1374 4457 dies
1398 4398 1518 4478 recepit

257 4497 429 4557 terminum
455 4497 495 4558 ad
519 4498 789 4579 respondendum.

363 4603 439 4662 Item
464 4603 617 4664 Arnoltus
640 4603 724 4665 filius
748 4603 889 4666 Gracioli
913 4626 972 4687 pro
1002 4605 1162 4687 vituperio
1195 4619 1226 4667 et
1249 4606 1434 4669 verberibus
1460 4608 1517 4671 do·

258 4705 343 4766 mine
368 4706 521 4767 consortis
552 4707 675 4770 Nicolai
711 4708 767 4770 filii
804 4710 968 4772 Benedicti
1003 4711 1099 4772 debet
1133 4710 1257 4773 solvere
1293 4711 1399 4774 eidem
1437 4712 1517 4775 duas

259 4826 378 4871 marcas
401 4811 433 4871 in
458 4812 628 4893 quindenis
650 4827 681 4876 et
704 4813 801 4895 judici
826 4815 967 4877 mediam
997 4834 1147 4878 marcam.
