3488 5250
241 355 298 434 156
618 357 704 414 Anno
726 352 819 432 1360.
843 387 886 399 -
911 368 962 416 ιο.
979 358 1131 432 junuarii.

341 565 419 626 Item
444 565 571 627 Cernka
600 565 786 648 ryznaricba
818 579 932 628 octavo
965 566 1017 628 die
1050 579 1115 628 met
1144 567 1241 630 tercia
1273 582 1382 630 contra
1407 570 1500 631 WIk·

234 689 368 731 msnum
392 670 496 752 jurare
521 670 626 733 debet.

340 776 418 837 Item
443 797 537 838 causa
561 796 623 858 que
648 777 780 839 vertitur
808 778 890 839 inter
923 777 1122 839 Demetrium
1155 792 1187 840 et
1210 779 1339 841 Petrum
1363 779 1403 841 sd
1428 793 1501 842 octo

235 880 303 943 dIes
327 895 374 943 est
397 895 578 964 prorogata.

341 988 419 1050 Item
443 989 594 1071 sssIgnsti
618 1003 692 1051 sunt
715 1004 778 1052 tres
802 969 955 1052 dies'Cus
971 990 1121 1068 carnifici,
1138 1002 1174 1050 ut
1197 990 1346 1073 expediat
1369 1010 1402 1052 se
1419 989 1502 1052 circs

235 1093 407 1155 Nicolaum
431 1094 550 1156 ruffum
574 1096 613 1156 de
638 1095 748 1158 debito
773 1115 838 1178 quo
867 1111 992 1158 tenetur
1016 1097 1132 1158 eidem.

341 1198 418 1260 Item
442 1200 517 1262 licet
541 1201 628 1262 Elias
651 1220 768 1283 parvus
789 1215 899 1264 contra
923 1202 1093 1264 Marenum
1117 1200 1212 1263 Zolar
1228 1200 1280 1262 die
1305 1201 1337 1262 in
1361 1201 1501 1284 presenti

235 1303 399 1366 debuisset
423 1325 619 1387 comparere,
641 1320 750 1369 tamen
776 1326 841 1369 non
865 1309 953 1370 venit
977 1327 1035 1370 nec
1059 1306 1155 1370 misit.

343 1411 420 1472 Item
444 1412 518 1474 licet
541 1412 721 1474 Domianus
745 1413 879 1475 voscbar
902 1414 935 1474 in
960 1412 1097 1495 presenti
1121 1412 1242 1493 judicio
1266 1411 1502 1473 terstimonium

237 1529 350 1578 contra
376 1515 554 1598 Georgium
586 1538 759 1599 preconem
790 1539 886 1601 super
918 1519 1046 1581 duobus
1076 1517 1207 1580 florenis
1238 1517 1416 1601 producere
1448 1517 1502 1578 de-

234 1621 368 1700 buisset,
392 1636 499 1684 temen
529 1643 595 1685 non
619 1625 707 1686 venit
730 1645 789 1687 uec
813 1625 1034 1687 testimonium
1057 1638 1093 1686 ut
1116 1624 1227 1686 debuit
1250 1623 1411 1707 produxit.

343 1727 422 1789 Item
447 1747 541 1791 causa
571 1731 821 1810 possessionsria
856 1731 1011 1792 Iohannis
1040 1730 1183 1792 Barberii
1214 1742 1245 1791 et
1268 1727 1397 1790 Andree
1420 1727 1501 1790 fabri

237 1832 277 1892 sd
306 1833 465 1895 visionem
488 1834 648 1916 privilegii
673 1836 714 1898 sd
737 1837 878 1918 primum
901 1834 1056 1917 judIcium
1082 1849 1128 1897 est
1150 1848 1331 1918 prorogata.

342 1938 421 2001 Item
445 1939 539 2021 jurati
562 1941 764 2003 indulserunt
787 1942 926 2004 MartIuo
958 1962 1077 2023 genero
1110 1939 1245 2003 Stanech
1270 1940 1310 2001 de
1333 1939 1501 2001 solucione

234 2062 288 2104 sex
314 2062 484 2125 pensarum
511 2044 657 2107 Cernech
682 2045 826 2108 facIends
845 2065 946 2127 usque
968 2046 1158 2127 quindenas,
1181 2046 1232 2106 veI
1257 2044 1361 2124 exigat
1384 2044 1445 2106 sibi
1462 2044 1501 2105 de

234 2147 423 2212 fideiussore
447 2151 498 2211 vel
522 2171 598 2213 non.

343 2255 421 2317 Item
452 2256 492 2318 de
525 2256 717 2318 venditione
748 2258 864 2318 domus
896 2257 1060 2339 quondam
1093 2256 1150 2318 filii
1183 2257 1368 2319 Pauletonis
1398 2256 1503 2319 taliter

235 2361 339 2422 extitit
362 2360 586 2440 deliberatum,
610 2375 645 2422 ut
668 2362 694 2422 si
719 2360 801 2423 infre
825 2363 959 2424 tercium
994 2362 1079 2423 diem
1104 2362 1260 2423 Martinus
1294 2362 1417 2445 Reyniz
1441 2362 1501 2424 flo-

234 2484 349 2527 renum
373 2466 463 2528 dabit
485 2486 544 2547 pro
569 2466 693 2545 eadem,
718 2467 848 2529 habebit
872 2468 984 2550 ipsam,
1009 2468 1035 2529 si
1059 2486 1136 2529 vero
1160 2486 1237 2546 non,
1262 2466 1423 2530 dabuntur
1450 2469 1501 2530 Iit·

234 2582 300 2632 tere
324 2572 460 2652 emptori
485 2572 664 2654 principali.

263 2791 357 2877 Nota,
385 2794 472 2881 quod
500 2792 586 2863 setin
614 2802 711 2864 sextu
739 2796 893 2883 proxima
923 2801 1001 2865 ante
1029 2802 1170 2864 octavas
1198 2791 1460 2882 EpIphaniarum

804 2917 937 2988 domini.

750 3069 812 3145 (10.
828 3069 989 3145 siznuarir).

344 3205 452 3267 Primo
477 3206 636 3268 Henricus
666 3221 767 3269 sartor
798 3226 900 3289 usque
933 3207 1113 3288 quIndenas
1137 3219 1263 3268 tenetur
1293 3206 1417 3267 solvere
1440 3203 1501 3267 irs·

234 3310 337 3371 tribus
362 3310 619 3374 Predicatoribus
644 3332 742 3374 unam
769 3332 918 3375 marcam.

343 3417 421 3478 Item
446 3431 559 3479 octavo
584 3418 636 3480 die
661 3419 771 3480 Mareu
795 3419 935 3481 decanus
966 3439 1023 3501 per
1047 3417 1148 3479 filium
1170 3416 1279 3478 deos
1303 3429 1334 3478 et
1359 3416 1404 3480 St.
1431 3416 1499 3478 sal-

236 3521 320 3603 uych
345 3535 455 3584 contra
479 3523 584 3584 Elium
606 3544 740 3606 parvum
764 3525 985 3587 testImonium
1006 3523 1183 3606 producere
1208 3522 1312 3584 debet.

342 3628 420 3688 Item
445 3629 597 3690 Nicolaus
621 3630 774 3712 Kukulyn
800 3645 830 3692 et
849 3629 997 3714 Mycbael
1021 3644 1130 3691 contra
1154 3629 1297 3691 relictam
1323 3627 1499 3710 Mychselis

236 3734 342 3815 primo
372 3733 457 3794 citati
490 3752 555 3795 non
580 3749 836 3818 comparuerunt.

347 3838 426 3899 Item
451 3852 565 3901 octavo
589 3841 641 3901 die
666 3840 751 3902 idem
778 3841 822 3906 St.
855 3855 965 3902 contra
997 3841 1117 3902 dictum
1148 3840 1253 3902 Elium
1277 3839 1381 3920 jurare
1405 3838 1501 3901 debet

237 3945 269 4004 in
296 3963 347 4023 eo,
371 3943 459 4026 quod
484 3959 780 4028 quantumcumque
813 3947 853 4007 de
882 3945 965 4008 ferro
990 3947 1170 4027 recepisset,
1201 3958 1326 4007 tantum
1352 3944 1501 4006 denarios

237 4049 345 4111 miuus
368 4050 523 4112 solvisset.
