3488 5250
620 345 705 402 Anno
727 340 819 421 1363.
842 338 961 402 -18.
984 345 1111 414 augusti.
1435 362 1492 422 301

235 556 331 634 misit,
356 575 454 637 quare
479 555 540 617 nisi
571 553 699 616 duobus
731 553 884 635 depositis
913 552 1050 632 judiciis,
1074 573 1168 634 agere
1201 552 1241 613 de
1264 572 1351 614 novo
1383 554 1501 636 poterit

236 681 363 723 causam
387 681 488 723 suam.

394 859 491 932 Ieria
519 870 618 932 sexta
647 868 725 931 ante
752 860 877 931 festum
914 862 1023 930 sancti
1052 860 1209 948 Stephani
1240 862 1340 949 regis.

758 1007 825 1086 (18.
849 1012 990 1086 augum).

343 1151 451 1213 Primo
475 1151 632 1213 Martinus
661 1150 760 1212 ruffus
791 1164 901 1213 contra
932 1150 1008 1212 iuan
1033 1165 1175 1213 sutorem
1206 1170 1263 1232 per
1288 1150 1499 1212 Wikmanum

238 1257 531 1319 molendinatorem
554 1272 585 1319 et
608 1256 785 1338 Georgium
810 1257 892 1318 Juha
915 1275 1010 1338 super
1038 1257 1181 1318 trusione
1205 1271 1236 1318 et
1260 1259 1389 1318 verbere
1414 1257 1500 1319 testi-

236 1362 384 1424 monium
407 1363 585 1443 producere
613 1363 719 1424 debet.

342 1467 420 1529 Item
445 1466 605 1550 Georgius
629 1467 783 1530 Pluznich
813 1469 961 1530 sacerdos
984 1481 1094 1530 contra
1119 1468 1163 1530 St.
1197 1467 1336 1548 juratum
1362 1468 1401 1530 ad
1426 1483 1499 1530 octo

238 1573 306 1635 dies
329 1574 449 1656 recepit
469 1574 644 1635 termInum
668 1573 894 1654 respondendi.

342 1679 418 1741 Item
452 1678 560 1740 Endre
592 1693 701 1741 contra
731 1679 768 1742 N.
800 1678 966 1761 quondam
997 1678 1136 1756 judicem
1167 1680 1272 1761 primo
1297 1680 1411 1741 citatus
1434 1699 1500 1741 non

236 1785 425 1867 comparuit.

342 1890 421 1951 Item
446 1889 599 1951 Nicolaus
623 1889 753 1951 Jurizlai
785 1903 895 1952 contra
919 1889 995 1950 iuan
1027 1889 1238 1971 cirologicum
1270 1889 1310 1951 ad
1335 1903 1408 1951 octo
1433 1889 1502 1951 dies

240 1996 359 2077 recepit
382 1996 555 2057 terminum
580 1996 807 2077 respondendi.
1290 2074 1294 2080 ,

343 2100 421 2163 Item
448 2103 557 2163 Maren
583 2098 721 2162 carnifex
746 2101 851 2184 primo
875 2102 988 2163 citatus
1020 2113 1129 2162 contra
1155 2100 1297 2162 relictam
1321 2100 1411 2162 Benk
1436 2120 1502 2162 non

238 2207 426 2289 comparuit.
1284 2203 1286 2207 ’

345 2312 421 2374 Item
448 2332 542 2374 causa
567 2312 723 2375 Radozlai
756 2327 788 2375 et
823 2312 951 2374 Andree
982 2310 1064 2373 fabri
1099 2325 1146 2373 est
1181 2312 1221 2373 ad
1253 2326 1326 2376 octo
1359 2313 1427 2376 dies
1461 2314 1502 2375 ad
1605 2335 1607 2338 ⁴

238 2436 350 2499 pacem
375 2432 555 2500 prorogata.

344 2524 422 2586 Item
446 2544 540 2586 causa
564 2524 679 2604 judicis
694 2538 726 2587 et
742 2525 867 2586 Nicolai
892 2522 1043 2586 aurifabri
1060 2525 1100 2586 ad
1118 2538 1192 2586 octo
1209 2524 1277 2586 dies
1293 2544 1350 2607 per
1367 2525 1503 2587 Paulum

238 2630 393 2713 pictorem
417 2644 448 2693 et
472 2631 516 2693 St.
540 2644 694 2692 sartorem
718 2629 758 2692 ad
782 2649 894 2713 pacem
918 2645 964 2692 est
986 2644 1169 2713 prorogata.

346 2736 424 2798 Item
450 2735 633 2797 Demetrius
656 2750 765 2798 contra
790 2736 921 2798 Iuanam
945 2736 1050 2819 primo
1082 2736 1195 2797 citatus
1222 2755 1288 2797 non
1312 2737 1504 2817 comparuit.

343 2841 422 2903 Item
447 2856 561 2903 octavo
585 2842 637 2903 die
662 2842 761 2904 Muna
785 2839 875 2904 faber
905 2862 938 2903 se
962 2840 1122 2904 secundus
1153 2854 1263 2903 contra
1287 2842 1376 2904 Bank
1401 2861 1503 2905 sacer·

238 2945 347 3008 dotem
370 2966 465 3029 super
489 2967 540 3026 eo,
564 2946 652 3029 quod
676 2947 736 3008 sibi
762 2948 895 3009 minime
919 2966 1083 3028 quaquam
1107 2967 1139 3008 re
1163 2961 1290 3009 tenetur
1313 2967 1371 3009 nec
1395 2949 1435 3010 ab
1462 2967 1501 3010 eo

238 3053 385 3133 quamvis
408 3072 475 3114 rem
499 3068 700 3135 asportasset,
724 3053 953 3135 (juramentum
976 3052 1151 3136 prestabit).

344 3158 420 3220 Item
445 3159 536 3240 nIgra
560 3159 657 3221 Iuana
682 3159 880 3242 promerito
904 3179 963 3221 suo
986 3173 1096 3220 contra
1110 3159 1258 3221 Todcam
1281 3158 1321 3221 ad
1345 3172 1419 3222 octo
1436 3159 1505 3221 dies

240 3264 359 3346 recepit
382 3265 555 3326 terminum
581 3265 807 3345 respondendi.

345 3370 423 3432 Item
447 3371 562 3453 Ztcpsa
586 3371 728 3432 secundo
752 3371 865 3432 citatus
889 3384 999 3432 contra
1024 3369 1203 3450 Georgium
1225 3388 1291 3431 non
1312 3371 1503 3452 comparuit.

345 3474 424 3536 Item
449 3495 550 3557 usque
575 3489 725 3539 octavum
757 3477 844 3538 diem
878 3476 1014 3538 Mathias
1044 3475 1192 3537 sacerdos
1222 3475 1323 3537 sancti
1347 3475 1503 3538 Anthonii

241 3579 337 3643 debet
360 3581 484 3643 solvere
509 3581 684 3644 chhkoni
708 3581 827 3643 XXXII
852 3581 1010 3643 denarios.

346 3687 423 3750 Item
450 3688 595 3750 Donatus
618 3688 759 3750 secundo
780 3688 893 3750 citatus
917 3701 1027 3748 contra
1051 3685 1246 3768 GregorIum
1269 3699 1413 3747 sutorem
1433 3671 1503 3748 'non

241 3794 431 3876 comparuit.

347 3900 423 3962 Item
448 3899 554 3962 Endre
578 3898 663 3960 filius
687 3900 797 3961 Maren
828 3899 914 3960 iuxta
946 3898 1207 3960 commissionem
1231 3896 1345 3976 judicis
1370 3897 1401 3959 in
1435 3917 1505 3980 pre-

240 4006 322 4068 senti
347 4005 468 4086 judicio
494 4023 678 4087 comparere
703 4004 825 4082 debuit,
858 4019 889 4066 et
921 4023 987 4065 non
1011 4004 1099 4066 venit
1122 4022 1180 4064 nec
1212 4003 1309 4081 misit,
1334 4022 1433 4084 quare
1457 4024 1505 4065 re·

241 4111 358 4173 mansit
381 4110 414 4171 in
438 4109 565 4191 judiciis
589 4110 757 4171 consvetis.

347 4216 425 4277 Item
451 4216 577 4277 Marcus
600 4216 766 4277 Bobkonis
789 4229 898 4276 contra
930 4216 970 4276 N.
995 4214 1188 4276 Zrebernich
1218 4213 1360 4275 secundo
1393 4212 1506 4275 citatus

243 4342 308 4385 non
332 4322 521 4404 comparuit.

349 4427 425 4488 Item
450 4440 564 4488 octavo
587 4426 639 4488 die
664 4426 772 4509 Matey
795 4439 884 4487 sutor
907 4439 1017 4488 contra
1034 4425 1133 4488 Mihel
1158 4445 1213 4508 per
1230 4425 1367 4486 Paulum
1391 4437 1423 4485 et
1438 4443 1505 4485 ma·
1577 4411 1582 4420 ’

242 4535 376 4615 gistrum
408 4535 447 4595 N.
480 4531 670 4594 familiarem
703 4531 844 4612 magistri
883 4532 923 4594 N.
956 4532 1067 4593 Toutb
1102 4531 1323 4594 testimonium
1354 4530 1387 4592 in
1422 4527 1506 4590 facto

243 4638 456 4722 quarumdam
481 4650 590 4700 cuturn
615 4636 792 4720 producere
820 4634 925 4699 debet.

349 4744 428 4806 Item
453 4744 564 4806 Petrus
596 4743 717 4804 Pruner
747 4752 857 4804 contra
889 4741 1013 4804 Petrich
1045 4740 1227 4804 carnificem
1256 4741 1361 4824 primo
1393 4739 1508 4801 citatus

243 4870 309 4914 non
333 4849 524 4932 comparuit.
