3488 5250
649 322 910 396 Ann01357.-
937 334 988 396 24.
1013 319 1142 379 octobris.
1198 296 1200 301 ⁸

374 531 451 592 Item
477 529 596 591 Paulus
619 542 728 592 contra
761 530 929 591 dominum
955 530 998 592 M.
1031 528 1132 590 filium
1157 528 1272 590 Hench
1303 528 1342 590 ad
1367 543 1440 591 octo
1464 530 1533 591 dies

270 637 389 719 recepit
412 636 585 698 terminum
608 635 649 697 ad
673 635 945 718 respondendum.

374 742 450 804 Item
468 762 563 804 causa
586 762 649 824 que
665 742 798 803 vertitur
814 743 896 803 inter
913 741 1055 803 Blasium
1077 743 1304 804 stationarium
1322 755 1352 804 et
1369 742 1532 804 Thomam

271 850 459 931 magistrum
483 848 524 909 ad
548 869 658 931 pacem
683 849 723 910 ad
747 862 820 910 octo
845 848 912 909 dies
937 861 982 909 est
1005 863 1187 930 prorogata.

373 952 451 1016 Item
461 955 500 1015 N.
517 953 676 1016 aurifaber
693 968 801 1015 contra
816 954 840 1014 F
843 954 994 1015 rancham
1004 953 1108 1035 primo
1128 955 1240 1016 citatus
1257 974 1322 1016 non
1340 955 1528 1037 comparuit.

376 1061 453 1122 Item
478 1060 564 1122 idem
581 1062 621 1122 N.
645 1073 754 1122 contra
772 1060 980 1142 Compariam
996 1060 1101 1141 primo
1126 1061 1238 1124 citatus
1255 1081 1320 1123 non
1338 1061 1526 1143 comparuit.

375 1167 453 1228 Item
477 1169 588 1230 Petrus
614 1168 730 1250 Loytra
755 1181 865 1228 contra
896 1167 1025 1227 Petrum
1049 1167 1167 1228 Donati
1192 1168 1297 1249 primo
1330 1167 1443 1229 citatus
1467 1186 1532 1228 non

271 1274 459 1356 comparuit.

378 1379 455 1440 Item
481 1379 591 1440 Kuren
616 1393 725 1440 contra
749 1378 888 1440 Munech
912 1379 952 1440 ad
969 1393 1043 1440 octo
1068 1379 1137 1440 dies
1162 1380 1280 1462 recepit
1304 1379 1477 1441 terminum
1493 1379 1533 1440 ad

273 1483 545 1566 respondendum.
1271 1566 1276 1577 .

376 1589 454 1651 Item
489 1609 570 1651 uxor
604 1589 733 1651 Andree
769 1603 878 1652 contra
914 1591 953 1654 N.
986 1591 1026 1652 de
1063 1591 1164 1652 Janua
1206 1591 1311 1672 primo
1340 1591 1433 1652 citata
1468 1610 1533 1652 nou

272 1696 461 1778 comparuit.

377 1802 455 1863 Item
486 1814 600 1862 octavo
632 1801 684 1861 die
716 1800 877 1862 Johannes
908 1814 997 1863 sutor
1032 1816 1141 1864 contra
1174 1802 1373 1886 Mychaelem
1405 1801 1533 1864 fratrem

272 1908 409 1969 cantoris
433 1920 498 1968 met
521 1907 680 1968 secundus
704 1921 937 1968 sacramentum
961 1922 1099 1989 prestare
1122 1922 1258 1972 tenetur.

377 2033 455 2094 Item
472 2032 546 2094 licet
562 2032 712 2112 magister
737 2031 912 2113 Gregorius
929 2052 1036 2094 comes
1050 2052 1258 2113 camerarum,
1276 2034 1416 2113 Petrum,
1433 2053 1530 2115 quem

272 2139 434 2200 Johannes
457 2137 620 2199 Laurentii
645 2157 703 2219 pro
735 2137 821 2199 furtu
851 2139 1074 2220 captivaverat,
1106 2140 1210 2220 primo
1235 2138 1354 2220 judicio
1391 2152 1527 2202 statuere

272 2257 493 2325 assumpserat,
517 2255 625 2304 tamen
650 2262 715 2304 non
740 2243 857 2304 statuit.

379 2350 456 2411 Item
473 2350 554 2411 Vole
571 2363 671 2411 sartor
688 2363 718 2410 et
734 2349 843 2411 relicta
865 2350 1079 2412 Mekkochren
1096 2363 1205 2413 contra
1223 2350 1412 2413 Chureuum
1428 2351 1533 2434 primo

274 2457 359 2519 citati
391 2476 456 2517 uon
482 2469 739 2537 comparuerunt.
975 2459 977 2463 '

377 2562 456 2623 Item
471 2560 608 2622 Michael
624 2560 752 2622 lectoris
765 2574 874 2622 contra
888 2561 992 2622 lusam
1009 2562 1113 2644 primo
1131 2562 1243 2624 citatus
1260 2582 1325 2624 oon
1342 2561 1531 2644 comparuit.

379 2684 456 2746 Item
481 2704 573 2745 causa
599 2703 661 2764 que
687 2685 818 2745 vertitur
841 2684 923 2745 inter
940 2684 1119 2749 Fabianum
1143 2700 1174 2747 et
1199 2686 1342 2748 Blasium
1366 2686 1405 2747 ad
1423 2706 1535 2768 pacem

274 2790 314 2852 ad
338 2805 412 2852 octo
437 2790 505 2852 dies
528 2804 573 2852 est
596 2804 776 2872 prorogata.

380 2897 458 2958 Item
483 2896 601 2957 Paulus
625 2910 734 2957 contra
758 2897 918 2958 Kuzmam
947 2897 1051 2979 primo
1076 2897 1188 2959 citatus
1212 2917 1277 2960 uon
1301 2899 1490 2980 comparuit.

379 3001 457 3063 Item
481 3001 620 3064 Munech
645 3015 754 3064 contra
778 3003 909 3086 Endrey
933 3003 1036 3085 primo
1072 3004 1185 3066 citatus
1212 3023 1277 3065 non
1301 3004 1491 3087 comparuit.

310 3239 405 3324 Nota,
435 3238 521 3328 quod
541 3241 648 3311 tercia
667 3240 752 3311 feria
780 3244 935 3328 proxima
964 3248 1041 3329 pust
1066 3241 1189 3313 festum
1208 3241 1360 3313 undecim
1388 3242 1496 3314 millia

815 3367 994 3454 virginum.

787 3537 851 3614 (251.
884 3537 1025 3613 octobris).

379 3690 455 3752 Item
468 3691 591 3752 Zorena
605 3705 713 3753 contra
731 3694 865 3755 Peterko
879 3708 1020 3756 sutorem
1034 3694 1138 3776 primo
1156 3695 1248 3756 citata
1265 3715 1329 3756 nou
1344 3697 1533 3778 comparuit.

380 3796 456 3857 Item
482 3816 575 3857 causa
600 3818 662 3878 que
687 3800 818 3860 vertitur
843 3801 924 3861 inter
944 3800 1128 3862 Gabrielem
1155 3801 1257 3862 filium
1282 3802 1405 3863 Pauleti
1423 3816 1454 3863 et
1470 3802 1533 3863 Ka·

273 3914 383 3983 teryne
408 3903 526 3964 sororis
550 3904 617 3965 eius
642 3919 687 3964 est
712 3919 880 3987 prorogata
905 3907 944 3967 ad
973 3907 1167 3969 relacionem
1199 3906 1378 3969 faciendam
1402 3928 1535 3990 compo-

273 4008 401 4069 sicionis
425 4008 506 4070 facte
530 4011 705 4091 proborum
728 4013 885 4073 virorum:
905 4014 949 4075 St.
967 4012 1081 4092 judicis
1105 4028 1136 4075 et
1159 4013 1282 4075 domini
1307 4014 1391 4075 Petri
1416 4014 1535 4095 Ligerii

274 4128 304 4175 et
330 4115 373 4176 St.
399 4116 514 4176 notarii
539 4136 595 4197 pro
621 4131 708 4197 parte
733 4119 831 4199 ipsius
845 4120 903 4195 K.;
921 4132 951 4180 et
968 4120 1099 4199 Paulek‚
1112 4120 1240 4181 Andree
1265 4134 1296 4182 et
1309 4121 1352 4183 Μ.
1377 4119 1434 4181 filii
1450 4121 1535 4183 Leu-

273 4219 363 4281 nardi
389 4241 447 4302 pro
471 4235 559 4303 parte
584 4221 660 4283 dicti
687 4222 725 4285 G.
751 4223 790 4284 ad
816 4239 889 4286 octo
914 4225 991 4286 dies.

380 4344 456 4406 Item
482 4346 619 4408 Jacobus
642 4345 726 4408 filius
743 4348 931 4433 Pintikachy
955 4364 1064 4411 contra
1088 4350 1269 4412 carnificem
1292 4352 1397 4433 primo
1421 4353 1534 4414 citatus

274 4466 339 4509 non
363 4453 551 4533 comparuit.

381 4555 459 4617 Item
473 4558 621 4640 Drusyna
635 4575 743 4621 contra
757 4562 796 4623 N.
809 4559 912 4622 filium
925 4562 1002 4622 Petk
1016 4562 1120 4642 primo
1134 4563 1246 4624 citatus
1262 4583 1327 4625 non
1344 4564 1533 4646 comparuit.

378 4660 460 4724 Item
477 4665 586 4725 Mareu
620 4679 708 4727 sutor
740 4681 848 4728 contra
872 4668 910 4730 N.
944 4668 1163 4729 Kuroredicha
1180 4670 1299 4751 primo
1330 4672 1444 4733 citatus
1468 4691 1534 4734 uon

274 4768 461 4850 comparuit.
