3488 5250
622 314 824 393 Anno1356.
850 352 891 362 —
915 314 967 378 26.
992 321 1118 392 augusti.

346 524 425 584 Item
449 544 543 585 causa
559 544 622 606 que
646 527 779 588 vertitur
795 528 877 589 inter
897 527 1019 609 Chegel
1037 541 1069 590 et
1093 527 1272 590 Iohannem
1291 529 1501 610 cirologicum

240 628 281 689 ad
304 642 377 690 octo
401 629 453 690 die
477 643 524 691 est
546 646 717 712 prorogata
742 633 783 693 ad
807 654 929 715 pacem.

345 735 424 797 Item
448 737 574 798 Marcus
612 737 697 799 filius
731 739 913 823 Dragozlay
944 755 1054 803 contra
1079 741 1223 802 Marcum
1247 740 1422 802 BonolIum
1453 760 1501 801 se·

240 840 346 902 cundo
370 842 483 904 citatus
507 862 571 904 non
596 845 786 926 comparuit.

344 948 423 1009 Item
460 950 616 1011 Martinus
648 965 758 1013 contra
794 971 926 1014 uxorem
960 953 1006 1015 St.
1043 953 1127 1015 tular
1158 954 1264 1036 primo
1298 952 1412 1014 citatus
1435 968 1501 1011 non

240 1055 428 1134 comparuit.

344 1159 423 1220 Item
447 1161 515 1222 Kus
539 1176 571 1224 et
594 1162 723 1246 Endrey
747 1178 857 1226 contra
883 1164 922 1227 G.
952 1163 1055 1226 filium
1080 1165 1161 1225 Zuik
1194 1163 1298 1245 primo
1322 1161 1409 1224 citati
1434 1180 1500 1222 non

240 1279 496 1345 comparuerunt.

343 1370 422 1432 Item
446 1372 587 1435 Briccius
610 1389 719 1437 contra
743 1377 786 1438 M.
812 1376 949 1438 condam
973 1376 1114 1458 judicem
1131 1374 1273 1437 secundo
1297 1375 1411 1436 citatus
1434 1392 1500 1434 non

239 1479 427 1558 comparuit.
1249 1550 1252 1557 Ι

343 1583 460 1662 Nota,
475 1585 563 1665 quod
576 1585 737 1647 Johannes
751 1587 993 1650 archidiaconus
1006 1589 1110 1651 dictus
1121 1586 1347 1670 chhya-peta
1361 1586 1393 1646 in
1406 1584 1500 1666 plena

238 1690 468 1752 communitate
493 1691 572 1753 dixit
595 1706 626 1753 et
649 1694 782 1755 asseruit
804 1714 836 1755 se
861 1713 926 1755 non
952 1714 1018 1755 esse
1044 1695 1210 1755 concivem
1228 1690 1455 1754 Grechensem.

342 1798 421 1860 Item
445 1800 484 1860 N.
509 1797 593 1860 fiIIus
617 1798 699 1861 OzeI
724 1814 833 1861 contra
854 1800 1047 1861 quaninum
1073 1819 1247 1881 preconem
1271 1798 1311 1859 ad
1336 1810 1408 1859 octo
1432 1795 1501 1856 dies

237 1904 355 1986 recepit
378 1905 553 1966 terminum
576 1905 617 1966 ad
640 1905 911 1986 respondendum.

342 2011 420 2073 Item
445 2032 538 2072 causa
563 2011 693 2073 vertitur
709 2011 791 2072 iuter
814 1990 928 2092 Artuig
953 2025 984 2073 et
1000 2011 1162 2072 nutricem
1185 2029 1275 2071 suam
1300 2009 1340 2070 ad
1357 2009 1499 2091 primum

236 2116 390 2196 judicium
415 2116 572 2178 adventus
596 2117 682 2177 Bene
706 2117 738 2177 in
764 2117 952 2197 Zagrabiam
977 2130 1023 2178 est
1047 2129 1228 2197 prorogata.

342 2223 459 2298 Nota,
484 2221 572 2301 quod
597 2235 643 2283 est
666 2234 819 2283 statutum
844 2220 931 2301 quod
956 2221 1065 2282 nullus
1090 2219 1190 2281 homo
1214 2220 1297 2281 male
1322 2218 1405 2280 fame
1429 2231 1501 2300 post

237 2347 425 2408 campanam
442 2327 538 2388 debet
560 2326 723 2387 ambulare
739 2346 796 2408 per
814 2327 987 2403 civitatem,
1012 2340 1043 2388 et
1059 2326 1084 2386 si
1102 2326 1249 2387 inventus
1271 2323 1377 2403 fuerit,
1393 2325 1499 2407 primo

236 2432 340 2493 solvat
363 2433 402 2491 III
428 2451 559 2509 marcas,
584 2445 616 2493 et
646 2432 672 2491 si
703 2430 893 2492 secundario
924 2430 1027 2491 solvat
1057 2430 1098 2491 VI
1132 2450 1264 2507 marcas,
1288 2444 1319 2492 et
1343 2431 1370 2492 si
1401 2429 1497 2491 tercia

237 2537 304 2597 vice
337 2538 485 2598 inventus
517 2535 611 2598 fuerit
642 2537 746 2598 solvat
776 2537 806 2597 X
837 2556 960 2597 marcas
993 2535 1044 2597 vel
1068 2535 1202 2617 turpiter
1233 2536 1271 2597 de
1296 2537 1423 2598 civitate
1448 2555 1499 2596 ex·

212 2644 385 2724 pellatur.

342 2749 419 2809 Item
447 2749 541 2808 Kuna
565 2766 644 2808 uxor
669 2746 835 2829 Radozlay
860 2760 969 2808 contra
994 2767 1127 2809 uxorem
1153 2747 1318 2808 Michaelis
1342 2747 1497 2809 carnificis

236 2853 340 2934 primo
365 2853 458 2914 citata
483 2871 548 2913 non
573 2853 763 2933 comparuit.
1469 2846 1473 2851 ’

341 2959 421 3019 Item
446 2959 471 3019 J.
503 2957 587 3018 filius
619 2958 787 3018 Laurencii
821 2970 930 3018 contra
961 2954 1078 3017 Vidase
1116 2957 1295 3019 carnificem
1326 2959 1432 3040 primo
1456 2959 1499 3019 ci·

236 3076 319 3123 ratus
343 3082 408 3123 non
434 3063 622 3143 comparuit.

254 3276 350 3350 Iena
378 3286 475 3350 sexta
505 3282 660 3368 proxIma
688 3287 765 3368 post
792 3280 915 3351 festum
941 3280 1031 3351 beati
1060 3281 1285 3352 Bartholomei
1314 3283 1470 3370 apostoli.

756 3428 821 3506 (26.
845 3434 986 3507 augusti).

343 3588 451 3648 Primo
476 3588 579 3648 Kursa
611 3588 650 3649 de
684 3587 816 3649 Rabuch
847 3602 956 3649 contra
988 3589 1134 3672 Ztoywlk
1167 3591 1270 3670 primo
1295 3591 1408 3652 citatus
1432 3611 1496 3651 non

238 3693 425 3774 comparuit.

343 3799 419 3860 Item
447 3799 628 3860 Krawturm
661 3811 770 3859 contra
803 3799 911 3880 Zayko
943 3813 1056 3860 octavo
1087 3800 1139 3861 die
1169 3814 1296 3862 tenetur
1319 3801 1496 3881 producere

238 3904 457 3965 testimonium
489 3923 544 3985 per
576 3904 750 3965 Martinum
781 3903 891 3981 Zidak‚
916 3905 989 3965 Ivan
1030 3918 1061 3966 et
1092 3905 1221 3966 Petrum
1252 3907 1379 3968 racione
1415 3926 1492 3986 qua-

238 4009 384 4071 rumdam
410 4010 569 4070 mInarum
593 4010 715 4070 mortis.

342 4115 420 4175 Item
445 4114 581 4174 Iacobus
607 4113 753 4174 Horuath
776 4128 889 4176 octavo
922 4115 972 4175 die
1004 4129 1112 4177 contra
1138 4117 1296 4176 Briccium
1327 4136 1383 4198 per
1415 4118 1497 4177 Mar·

237 4217 340 4278 tioum
364 4233 394 4278 et
420 4219 547 4278 Petrum
572 4232 696 4280 tenetur
719 4232 892 4299 protestare
917 4240 1011 4301 super
1042 4221 1248 4300 sagittacione
1273 4222 1358 4301 porci
1384 4222 1443 4297 sui,
1467 4234 1498 4282 et

239 4344 294 4403 per
318 4324 509 4384 quaninum
532 4344 703 4406 preconem
729 4344 823 4405 super
847 4325 1011 4407 vituperiis
1035 4341 1143 4388 contra
1168 4328 1317 4387 eundern.

344 4428 421 4489 Item
444 4448 537 4490 causa
569 4449 631 4510 que
663 4430 795 4491 vertitur
825 4431 907 4492 inter
938 4432 1081 4493 Kussech
1106 4432 1244 4513 juratum
1275 4445 1305 4493 et
1342 4430 1496 4493 Mathiam

240 4528 429 4592 familiarem
453 4552 547 4594 suum
571 4533 611 4594 ad
635 4548 708 4594 octo
734 4532 801 4594 dies
826 4535 865 4594 ad
890 4555 1001 4616 pacem
1026 4550 1073 4598 est
1098 4551 1277 4616 prorogata.

345 4637 422 4698 Item
447 4658 540 4700 causa
557 4659 619 4719 que
636 4641 768 4701 vertitur
787 4641 868 4702 inter
884 4641 1018 4703 Paulum
1038 4655 1068 4703 et
1093 4642 1119 4704 J.
1138 4642 1304 4702 Laurencii
1329 4641 1369 4701 ad
1386 4659 1497 4722 pacem

241 4740 280 4799 ad
304 4755 376 4803 octo
401 4742 468 4803 dies
492 4758 538 4805 est
562 4757 741 4825 prorogata.
