3488 5250
260 352 322 433 236
624 354 709 411 Anno
732 350 823 429 1362.
850 388 890 397 —
909 347 966 430 30.
995 355 1168 428 septembris.

363 562 442 624 Item
466 562 620 624 Nicolaus
642 563 812 644 Zorpatich
845 577 955 626 contra
982 564 1058 625 iuan
1085 564 1154 626 Beli
1185 565 1290 647 primo
1320 566 1434 626 citatus
1457 584 1522 627 non
1626 643 1629 646 ἢ

257 681 447 749 comparuit.

363 774 442 835 Item
466 774 579 835 Iuanin
604 788 713 836 contra
737 775 880 837 Baboieb
905 777 1010 857 prImo
1036 777 1148 838 citatus
1170 796 1235 837 non
1267 777 1456 859 comparuit.

364 881 442 942 Item
467 893 580 942 octavo
613 881 664 942 die
698 881 773 943 Moz
803 896 912 943 contra
936 883 1014 944 Iuan
1045 901 1102 964 per
1133 884 1270 960 Marcus,
1293 883 1372 944 Iuan
1400 882 1523 944 dictum

258 984 360 1067 Galga
386 999 417 1072 et
440 986 507 1048 Juri
524 986 746 1048 testImonium
770 987 947 1068 producere
965 987 1060 1049 debet
1084 1006 1244 1072 supereo,
1269 988 1357 1069 quod
1383 987 1523 1070 ipseper

256 1095 403 1154 tabernas
432 1105 464 1154 et
495 1093 557 1154 alia
591 1093 660 1155 loca
692 1093 861 1154 ambulans
892 1113 924 1154 se
958 1093 1118 1155 laudasset
1148 1074 1315 1175 quendam*
1342 1091 1523 1155 carnificem

256 1200 450 1261 vulnerasse.

364 1306 442 1367 Item
467 1325 561 1367 causa
578 1304 679 1367 Pause
705 1318 735 1366 et
751 1305 847 1366 Blasii
864 1303 1020 1386 Iucifiguli
1046 1320 1092 1368 est
1115 1305 1155 1367 ad
1172 1319 1246 1367 octo
1270 1305 1338 1366 dies
1354 1305 1395 1365 ad
1410 1324 1522 1387 pacem

256 1426 438 1494 prorogata.

363 1517 440 1578 Item
466 1531 579 1579 octavo
605 1516 656 1577 die
680 1516 752 1578 Elia
777 1531 886 1578 contra
904 1517 1009 1579 Vanse
1031 1537 1087 1599 per
1110 1517 1307 1578 Domianum
1332 1530 1474 1579 sutorem
1492 1530 1522 1577 et

256 1623 428 1686 Crisanum
453 1642 548 1705 super
571 1622 644 1684 data
669 1622 729 1683 sibi
754 1622 845 1703 alapa
869 1622 1090 1684 testImonium
1115 1621 1290 1704 producere
1316 1622 1421 1685 debet.

366 1729 444 1790 Item
470 1749 564 1790 causa
596 1728 722 1790 Nicolai
754 1728 916 1808 organista
947 1741 977 1789 et
1001 1729 1077 1789 Iuan
1110 1727 1276 1808 quondam
1306 1727 1455 1809 preconis
1478 1739 1524 1788 est

253 1836 297 1898 'ad
321 1850 395 1897 octo
420 1835 488 1896 dies
511 1836 550 1896 ad
573 1853 684 1916 pacem
709 1846 889 1916 prorogata.

361 1943 438 2003 Item
464 1961 557 2003 causa
583 1941 681 2001 Marci
707 1955 737 2001 et
766 1939 877 2001 Iuanin
911 1952 956 2000 est
979 1938 1020 2000 ad
1053 1953 1126 2001 octo
1150 1939 1218 2001 dies
1249 1940 1289 2001 ad
1314 1958 1426 2022 pacem
1450 1957 1522 2020 pro·

255 2062 375 2130 rogata.

362 2155 439 2216 Item
465 2166 578 2215 octavo
602 2152 654 2213 die
680 2152 785 2212 Mikus
809 2164 917 2212 contra
944 2151 1051 2213 Eliam
1067 2171 1123 2233 per
1144 2152 1243 2213 alium
1269 2151 1376 2212 Mikus
1400 2164 1431 2211 et
1455 2150 1521 2211 Cri·

255 2281 368 2322 sanum
393 2279 489 2342 super
512 2258 699 2319 verberibus
722 2257 944 2319 testimonium
970 2257 1144 2339 producere
1170 2257 1276 2320 debet.

363 2367 441 2428 Item
469 2363 608 2426 Bedicha
634 2376 742 2424 contra
768 2362 931 2424 Thomam
963 2363 1068 2445 primo
1099 2364 1212 2425 citatus
1235 2382 1299 2425 non
1333 2363 1521 2444 comparuit.
1563 2369 1565 2374 ’

363 2473 441 2533 Item
466 2490 560 2531 causa
584 2470 692 2550 Matey
716 2468 832 2529 sutoris
855 2468 983 2530 raci0ne
1014 2469 1126 2530 mortis
1152 2467 1263 2531 famuli
1288 2468 1417 2530 Andree
1441 2467 1521 2530 fabri

256 2591 303 2640 est
335 2577 374 2637 ad
408 2574 588 2657 quindenas
619 2574 722 2634 taliter
751 2587 946 2655 prorogata,
978 2575 1067 2655 quod
1097 2575 1122 2636 si
1155 2573 1270 2655 aliquis
1301 2574 1522 2656 proxImorum

256 2684 356 2766 ipsius
380 2680 522 2742 defuncti
551 2679 684 2757 venerit,
718 2679 840 2740 iusticia
872 2679 1075 2742 exhibebitur
1106 2680 1222 2758 eidem,
1255 2681 1334 2742 alias
1358 2680 1522 2742 convictus

257 2801 431 2870 exequetur
456 2786 614 2848 iusticiam
641 2785 740 2866 ipsius
764 2805 800 2844 ex
826 2799 924 2866 parte.

361 2894 439 2955 Item
473 2891 593 2952 Paulek
627 2888 799 2950 Madonich
831 2889 973 2952 secundo
1006 2892 1118 2953 citatus
1149 2905 1258 2954 contra
1291 2892 1420 2953 Petrum
1456 2910 1520 2951 non

256 2999 445 3080 comparuit.
1565 3072 1568 3076 .

363 3105 440 3165 Item
458 3102 618 3183 Georgius
643 3116 768 3164 tenetur
785 3102 951 3183 quoddam
975 3123 1030 3163 vas
1048 3103 1185 3185 Gyunge
1209 3122 1318 3164 socrus
1342 3122 1397 3163 sue
1414 3115 1521 3164 musto

256 3210 406 3294 presenti,
430 3207 516 3289 quod
543 3208 610 3289 ipsa
635 3208 666 3268 in
699 3206 769 3269 foro
798 3209 905 3290 eliget,
930 3209 1063 3290 implere
1089 3223 1119 3269 et
1143 3208 1222 3269 duas
1251 3228 1364 3289 pensas
1396 3208 1520 3270 solvere

256 3317 362 3379 eidem
386 3335 487 3396 usque
512 3314 701 3394 quindenas.

363 3421 440 3482 Item
465 3438 558 3480 cause
583 3418 737 3480 Iohannis
760 3419 818 3480 filii
842 3421 919 3481 Iuan
944 3434 976 3481 et
992 3421 1099 3481 Petres
1122 3421 1163 3481 ad
1186 3420 1381 3502 peticionem
1406 3418 1520 3500 judicis

256 3542 287 3589 et
311 3525 455 3588 Kussech
479 3526 607 3586 testium
640 3539 714 3586 sunt
745 3525 785 3586 ad
816 3539 888 3586 octo
914 3526 982 3586 dies
1012 3539 1199 3607 prorogate3
1226 3525 1306 3586 etsi
1331 3525 1435 3606 ipsum
1468 3525 1521 3586 Jo-

256 3632 396 3694 bannem
420 3632 530 3691 abesse
555 3631 729 3711 contingat,
754 3643 869 3692 extunc
901 3630 942 3691 ad
965 3631 1105 3712 primum
1138 3630 1292 3710 judicium
1317 3630 1519 3712 presenciali-

255 3738 329 3800 tatis
352 3735 497 3798 eiusdem
521 3736 587 3796 sine
611 3736 807 3816 gravamine.

362 3843 441 3904 Item
465 3855 578 3901 octavo
602 3840 655 3901 die
680 3843 787 3923 Matey
818 3857 907 3904 sutor
939 3857 1049 3905 contra
1071 3843 1200 3904 Petrum
1233 3861 1368 3923 puerum
1393 3863 1449 3925 per
1474 3845 1518 3907 St.

257 3962 287 4009 et
311 3966 466 4028 generum
491 3947 580 4007 Bank
605 3947 826 4008 testimonium
850 3949 1026 4029 producere
1052 3949 1157 4009 debet.

364 4053 441 4113 Item
467 4051 595 4113 Lachko
620 4052 747 4114 Kuhma
774 4067 804 4114 et
828 4054 1029 4135 Margaretba
1046 4067 1155 4115 contra
1181 4053 1370 4115 MichaeIem
1390 4054 1521 4139 Hudlep

258 4159 361 4239 primo
393 4158 478 4218 citati
515 4177 579 4218 non
605 4174 862 4240 comparuerunt.

364 4262 442 4323 Item
455 4262 600 4324 Andreas
613 4265 722 4345 Askyn
736 4279 844 4325 contra
860 4264 997 4327 Bartuch
1007 4265 1111 4346 primo
1125 4264 1236 4326 citatus
1250 4284 1314 4325 non
1329 4267 1519 4347 comparuit.

363 4367 440 4427 Item
466 4387 559 4429 causa
583 4369 712 4447 Donati,
742 4371 877 4431 Jancech
902 4384 933 4431 et
957 4370 1124 4432 Mortonos
1158 4373 1203 4431 es't
1227 4370 1266 4431 ad
1291 4384 1364 4432 octo
1389 4370 1457 4432 dies
1481 4370 1520 4432 ad

257 4489 368 4551 pacem
390 4487 570 4554 prorogata.

365 4577 442 4638 Item
466 4579 577 4640 Petrus
602 4593 711 4642 contra
735 4582 927 4642 Zrebernam
960 4583 1064 4663 primo
1094 4582 1206 4642 citatus
1234 4600 1300 4643 non
1332 4582 1521 4665 comparuit.

364 4682 440 4744 Item
465 4685 570 4765 prImo
594 4685 714 4765 judIcio
736 4687 893 4748 adventus
914 4686 1109 4748 Marketonis
1133 4686 1244 4748 Petrus
1267 4685 1389 4767 juratus
1411 4686 1521 4753 testifi-

260 4785 343 4847 cabit
365 4788 442 4867 quid
466 4789 543 4851 sciet
566 4790 606 4852 de
629 4791 730 4853 tribus
759 4793 866 4875 pensis
889 4811 945 4876 per
970 4791 1149 4852 Iohannem
1173 4792 1344 4873 acquisitis.
