3488 5250
245 347 302 408 188
635 349 721 405 Anno
743 344 835 425 1360.
861 381 902 391 -
926 363 955 409 2.
979 348 1108 408 octobris.

241 559 329 638 dixit,
354 573 389 622 ut
411 560 472 621 sibi
498 558 638 637 dixisset,
671 557 759 641 quod
790 559 815 619 si
849 557 997 621 homines
1027 557 1079 621 hic
1103 559 1239 622 animosi
1271 559 1352 621 sicut
1376 558 1407 620 in
1433 558 1503 620 aliis

242 666 425 728 civitatibus
449 676 563 743 essent,
588 664 784 746 expellerent
808 684 881 726 eum
907 665 946 727 de
971 665 1107 727 civitate.

345 771 423 832 ltem
448 771 694 840 Banlto.contra
718 771 905 852 episcopum
918 770 1060 832 secundo
1084 771 1196 833 citatus
1220 791 1284 832 non
1311 771 1500 851 comparuit.

346 875 424 937 ltem
449 876 587 938 lacobus
612 876 713 938 laketi
746 889 776 938 et
801 877 964 938 Marketus
994 891 1106 958 sponte
1139 890 1389 958 assumpserunt,
1413 874 1501 957 quod

239 982 264 1042 si
288 982 430 1063 aliquem
456 982 596 1044 hicnon
623 1001 690 1044 esse
715 983 918 1064 contingerit,
951 983 982 1043 in
1008 983 1128 1044 octavis
1153 982 1235 1043 beati
1262 981 1391 1043 Martini
1419 981 1501 1064 quit-

239 1088 319 1168 quid
344 1087 490 1150 Donatus
514 1088 598 1150 dicet
620 1089 702 1151 inter
719 1088 860 1166 eosdem,
878 1101 981 1169 partes
1005 1090 1098 1151 ambe
1115 1101 1279 1170 acceptare
1297 1089 1500 1150 tenebuntur.

240 1325 334 1410 llote,
364 1326 452 1414 qaod
480 1325 566 1397 laria
603 1343 701 1397 sexta
743 1329 897 1416 proxima
926 1334 1001 1415 post
1038 1325 1162 1397 festum
1191 1325 1278 1396 beati
1319 1324 1501 1395 Michaelis.

771 1500 815 1568 (2.
839 1498 981 1571 octobris).

345 1654 453 1717 Primo
479 1656 565 1717 Luca
590 1668 698 1718 contra
724 1656 905 1718 Obramum
930 1655 1025 1716 Zolar
1048 1666 1235 1736 procurator
1259 1652 1363 1734 primo
1389 1652 1502 1714 citatus

239 1780 304 1822 non
327 1761 516 1843 comparuit.

296 1868 299 1873 ’
345 1867 423 1929 ltem
448 1881 561 1930 octavo
586 1868 638 1930 die
662 1867 807 1929 Andreas
839 1881 946 1929 contra
973 1866 1122 1947 Magdam
1147 1885 1205 1947 pro
1229 1865 1392 1927 llench'et
1417 1866 1500 1926 Mar·

238 1972 403 2054 garetham
419 1993 515 2056 super
531 1974 690 2056 vituperio
707 1987 738 2036 et
755 1974 942 2036 verberibus
958 1972 1178 2034 testimonium
1193 1972 1371 2055 producere
1395 1971 1500 2035 debet.

344 2097 422 2159 ltem
456 2098 531 2179 quia
565 2098 721 2160 Martinus
752 2097 876 2180 Reyniz
908 2096 1042 2158 asseruit
1071 2115 1104 2157 se
1136 2109 1246 2157 contra
1270 2096 1406 2157 litteram
1431 2095 1501 2156 Elie

238 2203 420 2265 stationarii
444 2204 540 2265 aliam
565 2204 757 2266 contrariam
781 2204 920 2265 litteram
943 2202 1071 2280 habere,
1094 2201 1172 2263 ideo·
1192 2201 1269 2263 feria
1293 2202 1390 2263 tercia
1417 2221 1501 2263 nunc

238 2322 371 2371 ventura
397 2323 522 2372 tenetur
546 2330 616 2371 eam
642 2308 801 2373 exhibere.

344 2415 420 2476 Item
447 2416 580 2477 Anisina
605 2429 715 2477 contra
739 2414 975 2497 Margaretham
1000 2414 1104 2495 primo
1122 2412 1215 2475 citata
1228 2432 1293 2474 non
1311 2413 1499 2494 comparuit.

344 2521 422 2582 ltem
449 2521 584 2583 Methiaa
601 2534 710 2583 contra
729 2520 922 2602 Gre'gorium
940 2519 980 2581 ad
1004 2533 1077 2581 octo
1101 2518 1169 2581 dies
1186 2519 1303 2600 recepit
1327 2520 1499 2580 terminum

238 2625 278 2686 ad
303 2626 575 2707 respondendum.

344 2732 420 2793 ltem
454 2733 529 2814 quia
561 2731 644 2794 filius
676 2732 785 2793 Jacobi
818 2731 874 2793 filii
905 2731 1024 2793 Cosme
1058 2731 1178 2792 Lucam
1209 2749 1344 2811 puerum
1377 2729 1499 2790 domini

240 2837 374 2918 Mykeclt
399 2836 455 2899 filii
490 2837 603 2899 Hench
634 2838 823 2916 vulneravit,
855 2857 958 2919 usque
990 2836 1170 2918 quindenas
1201 2849 1290 2918 pater
1321 2836 1390 2897 eius
1422 2836 1501 2897 duas

238 2961 311 3003 cum
336 2942 441 3006 media
473 2963 595 3006 marcas
619 2943 725 3005 eidem
756 2963 855 3025 puero
887 2955 918 3005 et
950 2942 1089 3003 mediam
1122 2941 1220 3022 judici
1245 2941 1369 3003 solvere
1394 2941 1498 3005 debet.

344 3067 421 3129 ltem
448 3067 553 3130 Herxa
578 3081 687 3130 contra
711 3068 881 3130 Nicolaum
905 3067 1009 3149 primo
1039 3067 1152 3128 citatus
1175 3086 1240 3127 non
1266 3065 1455 3147 comparuit.

344 3172 421 3235 ltem
447 3193 526 3235 uxor
557 3174 647 3236 Pauli
679 3174 859 3236 Chezanice
892 3186 1001 3235 contra
1028 3172 1149 3234 Gemez
1173 3172 1277 3254 primo
1308 3170 1401 3232 citata
1433 3189 1498 3232 non

237 3279 425 3359 comparuit.

343 3385 421 3446 Item
445 3384 586 3447 Cussech
610 3386 797 3448 tributarius
814 3399 923 3447 contra
949 3386 1024 3446 luan
1043 3382 1241 3447 Chidaucich
1266 3383 1370 3465 primo
1387 3383 1499 3444 citatus

238 3510 302 3552 non
329 3491 518 3574 comparuit.

344 3615 421 3676 ltem
445 3615 522 3677 luan
547 3615 631 3677 filius
648 3616 828 3697 Dragozlai‚
847 3615 957 3677 Achlto
982 3629 1012 3677 et
1029 3616 1166 3677 lacobus
1183 3614 1285 3676 dictus
1303 3615 1376 3675 Kun
1401 3627 1496 3676 testes

238 3739 294 3800 per
318 3720 453 3802 Mykech
477 3720 580 3782 filium
606 3721 765 3783 Leunardi
790 3721 948 3802 producti,
972 3722 1030 3782 sub
1064 3720 1269 3803 depositione
1295 3719 1496 3800 juramentali

238 3825 342 3887 taliter
366 3826 535 3888 extiterunt
559 3826 725 3905 testificati,
751 3827 838 3908 quod
863 3827 948 3888 idem
978 3827 1139 3887 Marketus
1162 3846 1217 3887 ore
1242 3827 1372 3907 proprio
1391 3846 1497 3887 coram

238 3930 283 3991 eis
307 3929 407 3992 fassus
439 3929 549 3994 fuisset
573 3947 603 3994 et
634 3931 797 3995 confessus
828 3952 860 3993 se
892 3932 989 3993 totale
1022 3934 1133 3994 vinum
1165 3933 1330 3993 vinearum
1364 3933 1497 4014 predicti

239 4037 364 4098 Mikech
395 4057 453 4118 pro
486 4053 613 4100 centum
645 4036 774 4099 florenis
806 4057 1016 4119 comparasse,
1048 4038 1114 4099 imo
1147 4037 1325 4099 affirmabat
1348 4058 1381 4100 se
1406 4058 1497 4118 posse

238 4144 339 4223 magis
363 4163 460 4225 quam
484 4144 717 4226 quinquaginta
740 4143 880 4206 florenos
903 4163 998 4224 super
1022 4144 1126 4225 ipsum
1150 4146 1262 4206 vinum
1287 4145 1419 4223 lucrare,
1444 4164 1497 4206 eo-

238 4246 376 4330 demque
402 4249 500 4311 modo
525 4250 637 4311 Achko
661 4249 850 4312 testificavit.

342 4354 420 4416 ltem
444 4355 589 4417 Donatus
612 4355 772 4418 aurifaber
795 4369 907 4417 octavo
932 4356 984 4419 die
1016 4377 1072 4439 per
1098 4359 1241 4419 Marcum
1267 4356 1441 4417 Boniolum
1466 4369 1496 4418 et

239 4459 366 4520 Petrum
399 4474 552 4522 sartorem
585 4474 694 4522 contra
727 4461 863 4523 Paulum
896 4462 1049 4543 pictorem
1081 4482 1176 4544 super
1206 4481 1246 4524 eo
1276 4461 1496 4523 testimonium

239 4565 414 4646 producere
439 4566 543 4645 debet,
568 4565 656 4647 quod
680 4567 849 4648 capucium
875 4588 969 4629 suum
1002 4588 1109 4630 coram
1134 4587 1174 4630 eo
1198 4587 1263 4629 non
1287 4567 1495 4650 deposuisset.
1548 4622 1551 4628 .

343 4688 421 4750 ltem
446 4694 540 4751 Anna
564 4690 673 4752 relicta
697 4690 833 4752 condam
866 4690 923 4752 filii
955 4691 1151 4773 Dragouani,
1183 4691 1326 4754 debitum
1351 4712 1417 4775 quo
1440 4693 1495 4755 Ni·

239 4791 331 4854 colao
355 4792 516 4856 aurifabro
540 4808 677 4875 tenetur,
702 4816 803 4879 usque
827 4797 1008 4879 quindenas
1030 4798 1154 4861 solvere
1178 4798 1284 4861 debet.
