3488 5250
676 359 941 439 Anno1363.-
958 374 991 438 5.
1015 365 1095 425 maii.
1455 362 1516 443 269

360 571 437 633 Item
462 590 556 645 causa
579 570 672 632 iuech
690 585 720 633 et
737 571 910 652 Dampiani
935 586 981 633 est
1002 572 1042 632 ad
1060 570 1172 634 feriam
1189 571 1319 633 terciam
1336 585 1517 653 prorogata.

360 677 438 738 Item
463 696 558 739 causa
583 677 673 739 Pauli
706 676 822 758 judicis
854 677 887 739 in
919 676 1002 740 facto
1034 678 1274 739 communitatis
1304 677 1414 739 estad
1445 691 1518 739 octo
1606 694 1609 701 ·

255 781 322 843 dies
346 795 526 864 prorogata.
1511 859 1514 863 φ

359 887 576 949 ltemoctavo
600 886 652 949 die
676 888 785 950 relicta
817 888 1008 950 Lancholoti
1041 903 1150 950 contra
1183 909 1317 970 parvum
1343 891 1447 952 Eliam
1471 890 1518 972 ju-

253 992 347 1071 rabit,
372 994 461 1074 quod
485 993 510 1053 11
536 991 676 1055 florenos
699 994 763 1054 sint
787 994 846 1076 ipsi
871 995 940 1056 viro
965 1014 1024 1056 suo
1049 1008 1080 1057 et
1099 994 1159 1057 sibi
1184 995 1326 1060 insoluti.

359 1098 438 1160 ltem
462 1098 594 1179 judices,
617 1097 710 1178 jurati
733 1113 764 1161 et
780 1101 995 1163 communitas
1011 1116 1137 1163 maturo
1153 1100 1263 1163 habito
1288 1102 1423 1165 consilio
1440 1102 1519 1165 deli-

254 1204 457 1282 beraverunt,
480 1219 515 1266 ut
539 1204 679 1286 quedam
703 1204 819 1266 mulier
843 1225 979 1288 querens
994 1205 1108 1285 filium,
1134 1207 1266 1269 nomine
1290 1207 1398 1287 Stans,
1422 1227 1520 1290 quem

256 1293 341 1372 nunc
365 1310 502 1371 Michacl
526 1308 611 1372 filius
635 1310 680 1374 St.
704 1293 819 1390 judicis
843 1324 1020 1391 conservat,
1048 1312 1188 1374 eundem
1220 1312 1323 1374 filiurn
1355 1333 1448 1375 suum
1473 1334 1520 1375 re·

255 1415 362 1498 cipiat,
380 1428 493 1496 paveat
517 1429 548 1476 et
564 1429 741 1494 conservet,
765 1435 838 1477 curn
857 1417 958 1497 magis
975 1416 1078 1498 ipsum
1097 1418 1126 1479 ei
1150 1418 1209 1479 sibi
1228 1437 1416 1480 conservare
1433 1438 1520 1481 com-

255 1533 343 1602 petat
366 1540 464 1602 quam
489 1520 589 1583 alteri.

360 1626 440 1687 Item
468 1626 543 1707 quia
576 1626 688 1689 Petrus
719 1626 814 1687 Zolar
846 1626 984 1707 judicem
1016 1628 1121 1690 verbis
1151 1629 1317 1711 vituperiis
1348 1644 1379 1692 et
1409 1645 1520 1692 contu·

259 1730 365 1793 meliis
389 1731 504 1809 affecit,
528 1745 559 1794 et
588 1732 703 1793 exinde
734 1731 905 1795 sufficienti
936 1734 1121 1796 testimonio
1152 1735 1317 1796 convictus
1348 1734 1418 1814 fuit,
1442 1736 1521 1797 duas

259 1857 381 1900 marcas
404 1838 509 1900 eidem
534 1837 632 1919 judici
657 1851 687 1901 et
703 1838 845 1901 mediam
864 1837 1022 1920 judicibus
1045 1839 1155 1920 juratis
1179 1860 1237 1923 pro
1261 1860 1343 1924 pena
1368 1843 1520 1905 exsolvet.

360 1944 438 2005 Item
470 1943 592 2032 iudices
623 1943 842 2023 decreverunt,
874 1958 909 2006 ut
940 1945 1015 2027 quia
1047 1945 1201 2007 Nicolaus
1234 1947 1456 2009 Kuroredicha
1488 1949 1521 2010 iu

255 2048 364 2111 debito
388 2063 531 2131 ternpore
556 2049 667 2110 vinum
692 2068 749 2130 pro
774 2068 839 2130 quo
868 2050 928 2110 sibi
961 2050 1087 2132 Sugecb
1119 2050 1331 2113 fideiubuerat
1363 2072 1429 2114 non
1454 2072 1520 2114 esse

256 2155 336 2217 dixit
360 2154 494 2233 malum,
520 2154 593 2216 ideo
616 2153 663 2231 nil
686 2169 790 2239 potest
821 2174 916 2235 agere
948 2156 1086 2238 amplius
1111 2171 1220 2218 contra
1251 2158 1357 2239 ipsum
1384 2158 1520 2239 Sugech.

283 2377 377 2460 Nota,
407 2379 492 2464 quod
523 2376 607 2447 feria
636 2383 733 2447 sexta
770 2378 925 2465 proxima
953 2390 1030 2465 post
1058 2386 1200 2448 octavas
1228 2378 1318 2448 beati
1349 2376 1494 2464 Georgii.

808 2549 849 2622 (5.
873 2548 966 2612 maii).

363 2704 471 2764 Primo
496 2722 568 2764 cum
592 2703 632 2764 ad
657 2703 845 2764 instanciam
871 2704 954 2765 Petri
985 2704 1123 2782 sartoris,
1149 2705 1362 2785 procuratoris
1389 2702 1522 2786 Georgii

257 2809 428 2887 Filentich,
453 2809 619 2870 dominam
643 2809 785 2871 relictam
807 2809 995 2892 Pintikachy
1019 2830 1076 2890 per
1099 2810 1262 2871 Andream
1287 2823 1318 2871 et
1342 2811 1451 2871 Petres
1474 2809 1522 2891 ju-

256 2929 342 2977 ratos
358 2935 453 2996 super
469 2934 519 2992 eo,
542 2912 648 2975 utrum
665 2916 802 2975 Jacobus
824 2913 908 2976 iilius
925 2914 1000 2977 dicti
1018 2914 1216 2998 Pyntikachy
1233 2915 1264 2976 in
1288 2912 1390 2976 fundo
1416 2916 1523 2978 medie

258 3021 345 3081 curie
370 3035 400 3080 et
424 3021 489 3080 suis
513 3018 668 3080 hedificiis
692 3020 857 3100 quondam
883 3021 958 3081 dicti
987 3020 1163 3103 Pyntikach
1188 3021 1283 3083 fuerit
1306 3021 1384 3082 civis
1407 3022 1458 3083 vel
1483 3041 1522 3083 ne

258 3126 444 3207 requisitam
461 3125 693 3202 habuissemus,
707 3125 804 3186 iidem
817 3126 988 3187 redeuntes
1005 3127 1192 3205 retulerunt,
1207 3125 1295 3207 quod
1308 3127 1375 3209 ipsa
1391 3126 1524 3188 domina

257 3231 376 3292 dictum
387 3230 593 3292 suumfilium
610 3232 641 3291 in
659 3231 744 3292 dicto
760 3230 861 3292 fundu
881 3232 1107 3312 porcionaliter
1124 3232 1226 3294 civem
1237 3253 1304 3294 esse
1314 3234 1522 3296 nominasset.

363 3336 441 3398 Item
473 3351 586 3397 octavo
621 3336 673 3397 die
707 3337 799 3398 luech
836 3353 945 3398 contra
978 3337 1193 3418 Dampianum
1225 3352 1366 3400 sutorem
1405 3339 1523 3419 jurabit

257 3461 352 3523 super
376 3462 426 3519 eo,
450 3442 538 3522 quod
563 3442 689 3503 nullum
706 3442 883 3523 dampnum
905 3443 1149 3520 sibiintulisset,
1174 3457 1205 3504 et
1221 3444 1351 3505 tandem
1377 3445 1408 3505 in
1429 3446 1523 3526 quin-

258 3545 350 3608 denis
382 3548 447 3629 ipse
480 3547 681 3629 Dampianus
713 3548 791 3608 duas
823 3568 938 3629 pensas
969 3548 1074 3609 minus
1098 3549 1137 3609 111
1171 3548 1309 3611 denariis
1333 3551 1391 3632 ipsi
1428 3551 1523 3612 luech

258 3653 382 3714 solvere
406 3652 546 3714 debebit.

364 3758 441 3819 Item
459 3757 610 3819 dominus
626 3759 868 3821 archidiaconus
885 3760 925 3821 de
943 3761 1063 3842 Bexyn,
1081 3762 1301 3843 procuratorio
1315 3762 1446 3823 nomine
1463 3782 1521 3843 pro

260 3864 430 3924 Leonardo
454 3865 523 3923 cive
548 3864 769 3944 strigoniensi,
795 3866 964 3927 universos
987 3867 1069 3926 bona
1096 3885 1299 3948 quecumque
1331 3868 1441 3928 Jacobi
1466 3866 1523 3928 filii

259 3968 448 4050 Pintikachy
472 3989 576 4030 emere
602 3971 744 4031 volentes
768 3972 819 4031 vel
845 3972 876 4031 in
911 3972 1026 4052 pignus
1059 3973 1257 4053 recipientes,
1287 3975 1327 4034 ab
1352 3975 1523 4055 empcione

259 4088 289 4137 et
312 4075 344 4135 in
369 4075 484 4156 pignus
509 4076 695 4156 recepcione
719 4076 883 4157 prohibuit
906 4091 974 4137 toto
998 4096 1099 4158 posse.

365 4180 442 4241 Item
469 4179 627 4262 Georgius
652 4182 745 4243 Zolar
769 4197 878 4243 contra
904 4183 1034 4244 luanam
1059 4183 1098 4244 ad
1130 4198 1204 4244 octo
1229 4185 1296 4245 dies
1320 4186 1439 4268 recepit
1462 4201 1522 4246 ter·

260 4286 385 4346 minum
409 4286 448 4347 ad
475 4287 745 4367 respondendum.

365 4391 442 4452 Item
467 4406 580 4452 octavo
605 4393 656 4452 die
682 4393 727 4456 St.
751 4393 872 4474 juratus
897 4410 1007 4456 contra
1029 4395 1158 4456 Petrum
1184 4396 1375 4476 Hungarum
1400 4416 1456 4477 per
1473 4398 1523 4457 Ja-

260 4499 377 4558 cobum
403 4499 476 4557 Kun
502 4511 533 4559 et
557 4499 718 4560 Andream
742 4500 825 4560 tuler
857 4520 952 4581 super
983 4521 1032 4577 eo,
1056 4500 1144 4581 quod
1178 4502 1282 4583 ipsum
1314 4502 1525 4582 vituperasset

260 4617 291 4664 et
315 4603 464 4675 bicellum
491 4623 585 4684 super
610 4605 714 4684 ipsum
738 4606 906 4667 exemisset
930 4608 1150 4668 testimonium
1174 4608 1340 4689 producet.

366 4709 445 4770 Item
470 4709 644 4792 Dyonisius
668 4724 699 4771 et
715 4710 837 4792 Symon
860 4712 964 4792 primo
981 4712 1066 4774 citati
1080 4727 1190 4774 contra
1215 4714 1321 4795 Matey
1346 4733 1412 4775 non
1437 4733 1522 4775 com·¹

260 4827 443 4895 paruerunt.
