3488 5250
629 374 734 465 'Anno
756 372 847 450 1363.
872 404 913 415 -
940 387 986 430 11.
1009 375 1140 444 augusti.
1458 393 1520 456 299

257 580 344 661 juata
367 581 608 644 ordinacionem
641 581 810 664 patrissui
833 581 951 643 habere
976 582 1162 661 voluissent,
1187 583 1323 665 pecunia
1352 583 1411 643 sibi
1438 583 1521 662 data,

258 686 344 749 idem
367 703 449 769 opus
472 697 584 749 eorum
598 687 699 769 ¹quasi
723 686 841 749 invitus
865 701 1021 770 operaret.

362 792 443 855 ltem'
463 807 558 854 causa
582 791 705 854 domini
730 792 814 853 Patri
843 791 900 854 iiiii
925 793 1056 872 Donati,
1079 811 1179 875 quam
1197 807 1308 855 contra
1331 793 1521 875 jobagiones

258 898 497 961 communitatis
521 897 561 960 de
596 897 758 959 Kralouch
790 899 892 960 movit
917 898 973 987 ¹vel
997 916 1128 960 movere
1150 897 1298 977 intendit,
1321 898 1361 960 ad
1394 912 1523 961 octavas

224 1071 226 1075 ,
258 1004 414 1066 adventus
437 1003 561 1065 domini
586 1003 670 1065 Petri
694 1002 752 1065 filii
777 1003 895 1086 Ligerii
925 1005 958 1066 in
983 1004 1171 1086 Zagrabiam
1203 1004 1309 1066 taliter
1332 1018 1380 1067 est
1410 1020 1522 1087 proro-

257 1123 349 1192 gata,
382 1109 532 1172 videlicet
563 1109 703 1191 quodsi
734 1109 843 1171 modio
877 1122 1024 1193 tempore
1054 1110 1153 1172 iidem
1184 1109 1373 1192 jobagiones
1407 1111 1522 1174 volun·

259 1228 357 1278 tatem
382 1215 481 1298 ipsius
505 1214 629 1276 domiui
654 1215 688 1276 P.
717 1215 836 1296 Ligarii
853 1229 1005 1298 poterunt
1021 1216 1176 1295 invenire,
1200 1217 1282 1278 bene
1306 1215 1449 1298 quidem,
1465 1216 1523 1277 aii-

258 1321 342 1403 quin·
362 1340 421 1404 pro
453 1320 573 1401 judicio
604 1320 818 1403 predictarum
851 1335 1035 1383 octavarum
1075 1336 1162 1384 actor
1192 1335 1287 1384 testes
1318 1342 1393 1385 suos
1426 1342 1523 1405 super

261 1444 317 1488 sna
342 1444 436 1488 causa
460 1443 543 1508 quos
566 1426 683 1508 poterit
705 1425 872 1508 producet,
896 1439 927 1489 et
954 1428 1030 1510 ipsis
1050 1428 1248 1507 examinatis,
1273 1429 1305 1490 in
1331 1444 1425 1490 causa
1448 1444 1522 1510 pro-

258 1532 388 1595 cedetur
412 1532 552 1614 equitate
576 1531 739 1594 evadente.

366 1638 445 1700 Item
470 1638 615 1700 Donatus
638 1638 743 1720 primo
778 1638 891 1700 citatus
922 1652 1032 1701 contra
1064 1640 1228 1721 quendam
1253 1637 1447 1721 Gregorium
1471 1659 1523 1700 su·

259 1758 363 1807 torem
387 1763 452 1806 non
477 1744 666 1826 comparuit.
1474 1745 1478 1751 ’

366 1850 443 1912 Item
468 1851 583 1932 Ztepsa
607 1849 712 1931 primo
740 1849 852 1913 citatus
877 1864 986 1912 contra
1004 1850 1182 1933 Georgium
1207 1869 1273 1913 uon
1289 1851 1478 1933 comparuit.

365 1955 444 2017 item
467 1973 562 2016 causa
586 1955 695 2017 relicte
719 1955 901 2018 Cbezanice
929 1970 961 2018 et
985 1955 1129 2038 Dragech
1152 1957 1268 2019 sutoris
1292 1956 1332 2018 ad
1356 1966 1430 2019 octo
1455 1956 1524 2018 dies
1602 2003 1604 2006 -

260 2074 307 2123 est
330 2061 370 2123 ad
395 2078 507 2143 pacem
531 2074 712 2143 prorogata.

366 2168 443 2229 item
455 2185 547 2228 causa
559 2167 723 2230 Benedicti
738 2180 769 2230 et
782 2167 872 2229 Pauli
886 2169 928 2230 ad
939 2182 1013 2230 octo
1022 2168 1091 2230 dies
1104 2181 1150 2231 est
1161 2168 1199 2230 ad
1214 2186 1325 2250 pacem
1338 2183 1521 2252 prorogata.

366 2273 443 2335 item
479 2273 625 2334 Andreas
659 2271 748 2335 faber
782 2288 892 2336 contra
928 2274 1129 2336 Radozlaum
1165 2275 1272 2356 primo
1310 2274 1423 2337 citatus
1457 2288 1524 2336 non·

260 2380 449 2462 comparuit.

365 2484 443 2546 Item
479 2486 631 2549 Nicoisus
666 2485 879 2548 Zrebernicha
914 2486 1056 2548 secundo
1091 2487 1205 2548 citatus
1235 2501 1344 2548 contra
1381 2487 1524 2548 Tomam

260 2589 397 2653 Ztradba
422 2610 488 2652 non
512 2592 701 2674 comparuit.

365 2696 443 2758 Item
468 2697 584 2780 Mylrus
608 2696 692 2759 filius
717 2697 845 2759 Martini
870 2699 1013 2760 secundo
1042 2699 1156 2760 citatus
1179 2711 1288 2760 contra
1314 2698 1359 2761 St.
1384 2696 1523 2780 Saluych

260 2820 324 2865 non
352 2803 541 2883 comparuit.

367 2909 445 2970 Item
470 2908 616 2970 Thomas
640 2923 748 2971 contra
773 2909 918 2991 Drsgech
943 2908 1086 2972 secundo
1107 2909 1220 2971 citatus
1243 2927 1309 2971 non
1333 2909 1524 2991 comparuit.

366 3014 444 3076 item
476 3014 553 3076 luan
585 3012 724 3076 famulus
755 3014 863 3078 Jurich
894 3015 1037 3078 secundo
1068 3016 1181 3077 citatus
1212 3029 1322 3078 contra
1350 3016 1524 3078 Matrinum

261 3138 326 3182 non
358 3121 547 3202 comparuit.

367 3226 444 3288 Item
469 3227 594 3309 Ztoyiro
618 3241 727 3289 contra
752 3219 897 3289 Todcam
923 3228 1028 3309 primo
1052 3229 1166 3290 citatus
1189 3248 1253 3290 non
1279 3228 1468 3309 comparuit.

367 3331 444 3393 Item
469 3331 615 3394 Andreas
639 3332 773 3415 Kopach
796 3334 939 3396 secundo
959 3334 1072 3396 citatus
1089 3348 1198 3396 contra
1223 3334 1323 3395 decan
1348 3351 1412 3395 non
1437 3350 1525 3395 corn-

262 3437 376 3518 paruit.

368 3542 446 3604 item
470 3544 608 3606 Jacobus
638 3559 740 3606 sartor
770 3558 879 3606 contra
911 3544 1011 3606 decan
1047 3545 1087 3605 ad
1117 3559 1191 3606 octo
1215 3544 1284 3605 dies
1315 3543 1433 3626 recepit
1463 3557 1525 3605 ter·

262 3649 386 3710 minum
410 3649 637 3731 respondendi.

368 3756 444 3816 item
470 3773 562 3817 causa
587 3755 719 3837 Georgii
745 3770 776 3819 et
792 3757 882 3818 Pauli
900 3757 1016 3818 sutoris
1040 3756 1078 3818 ad
1097 3769 1170 3818 octo
1193 3756 1261 3817 dies
1285 3769 1332 3817 est
1354 3755 1395 3816 ad
1411 3773 1524 3836 pacem

263 3874 443 3942 prorogata.

368 3967 445 4028 item
469 3980 585 4029 octavo
609 3967 661 4028 die
685 3967 771 4029 Mike
788 3980 877 4029 sutor
901 3981 1011 4029 contra
1028 3967 1200 4029 Matrinum
1219 3967 1343 4049 Reyniz
1368 3967 1528 4047 vigesimo

263 4073 377 4153 quinto
401 4092 434 4134 se
466 4073 611 4155 personis
641 4073 700 4135 sibi
732 4074 892 4135 similibus
921 4093 1016 4155 super
1043 4090 1093 4150 eu,
1124 4073 1212 4154 quod
1238 4073 1361 4135 nullam
1391 4088 1458 4134 rem
1493 4075 1526 4134 in

264 4177 362 4238 domo
375 4196 432 4238 seu
456 4178 541 4239 curia
565 4192 621 4240 sua
638 4176 753 4241 furtive
777 4179 978 4257 subtraxerit,
995 4179 1208 4258 juramentum
1225 4191 1365 4261 prestare
1383 4179 1524 4242 debebit.

370 4282 448 4345 item
472 4296 586 4346 octavo
610 4284 661 4344 die
692 4285 859 4346 Fsrcasius
888 4285 928 4346 de
953 4285 1129 4347 Moroucha
1162 4304 1195 4347 ae
1227 4299 1359 4366 quartus
1382 4285 1528 4367 personis

264 4389 324 4450 sibi
347 4389 506 4451 similibus
529 4402 639 4452 contra
664 4391 834 4453 Nicolaum
859 4390 1024 4473 quondam
1050 4390 1188 4472 judicem
1214 4392 1246 4452 in
1271 4408 1321 4468 eo,
1347 4391 1435 4473 quod
1454 4391 1526 4452 Bla-

264 4495 330 4556 sius
353 4492 437 4557 tilius
462 4494 604 4556 Mundek
629 4495 774 4557 debitum
790 4510 928 4578 quatuor
953 4514 1130 4558 marcarum
1159 4514 1226 4578 quo
1242 4496 1301 4578 ipsi
1319 4498 1359 4559 N.
1377 4496 1527 4576 debebat,

264 4601 324 4662 sibi
348 4600 472 4661 solvere
496 4618 561 4661 non
586 4601 782 4664 commiserit
804 4620 864 4663 nec
887 4602 955 4684 ipse
972 4603 1188 4684 assumpserit,
1211 4622 1267 4663 seu
1285 4602 1373 4684 quod
1391 4603 1431 4664 de
1448 4595 1527 4683 ipsis·

265 4706 380 4769 marcis
413 4722 530 4768 novem
558 4724 631 4769 cum
664 4707 770 4768 media
794 4708 903 4789 pensis
932 4708 992 4770 sibi
1024 4726 1089 4769 non
1118 4708 1248 4770 solverit
1271 4727 1331 4771 uec
1362 4707 1528 4770 residuum

265 4813 389 4875 solvere
413 4812 628 4894 assumpserit,
652 4811 868 4893 juramentum
892 4811 1042 4895 deponet.
