3488 5250
610 342 809 422 Ann01362.
834 380 877 389 —
901 361 930 408 2.
956 347 1116 407 decembris.
1431 367 1493 429 249

229 570 316 619 actor
340 571 498 638 proponet
522 569 553 617 et
576 575 649 638 pars
672 555 805 617 adversa
837 557 1043 639 respondebit
1065 559 1090 619 si
1123 559 1255 636 venerit,
1281 558 1360 620 alias
1383 577 1493 642 proce·

230 661 322 724 detur
345 662 378 723 in
403 682 496 723 causa
521 662 560 723 ad
588 661 797 724 decisionem.

336 769 412 830 ltetn
438 769 569 851 Mykow
594 781 704 829 contra
729 767 866 829 Paulum
897 768 1040 830 secundo
1071 770 1184 831 citatus
1208 789 1273 831 non
1305 770 1494 851 comparuit.

335 874 412 935 Item
437 874 462 934 si
488 873 595 934 Endre
621 873 662 934 de
687 872 913 955 Sthenychnak
933 875 1024 935 uxori
1049 875 1177 936 Martini
1203 894 1332 936 mosnar
1356 874 1395 935 de
1412 868 1494 937 vitu·

229 978 326 1061 perlis
350 998 387 1040 ex
411 992 497 1060 parte
523 978 631 1040 uxoris
658 997 714 1039 sue
747 978 903 1040 iusticiam
940 977 1044 1058 faciet,
1069 981 1150 1042 bene
1183 980 1325 1062 quidem,
1350 980 1493 1062 alioquin

230 1083 309 1145 duas
332 1104 454 1146 marcas
478 1084 583 1146 eidem
608 1097 639 1147 et
664 1085 805 1146 mediam
828 1084 926 1165 judici
950 1086 1053 1147 solvet
1077 1086 1109 1147 in
1133 1086 1316 1167 quindenis.

336 1191 414 1253 ltem
444 1190 605 1252 Johannes
639 1191 807 1252 Laurencii
843 1203 951 1253 contra
989 1193 1162 1254 Martinunr
1195 1193 1319 1274 Reyniz
1350 1192 1390 1253 ad
1421 1205 1494 1254 octo

230 1296 297 1358 dies
319 1297 440 1379 recepit
462 1297 638 1358 terminum
663 1296 703 1358 ad
727 1296 1000 1378 respondendum.

334 1402 413 1464 ltem
437 1402 549 1464 Petrus
572 1402 674 1485 Zyma
705 1415 815 1464 contra
844 1402 922 1464 luan
954 1402 1094 1483 judicem
1117 1404 1259 1465 secundo
1289 1405 1402 1466 citatus
1428 1423 1494 1465 non

232 1508 420 1589 comparuit.

335 1613 412 1674 ltem
437 1632 530 1674 causa
556 1613 712 1675 lobannis
740 1612 902 1675 Vidonich
936 1628 1046 1675 contra
1071 1615 1228 1695 quosdam
1262 1613 1401 1676 famulos
1425 1612 1493 1676 Cri-

230 1718 298 1780 sani
322 1718 363 1781 ad
387 1731 460 1781 octo
485 1719 553 1780 dies
577 1732 623 1781 est
646 1734 827 1801 prorogata.

335 1825 412 1886 ltem
436 1845 538 1907 usque
562 1825 743 1908 quindenas
767 1826 863 1888 debet
886 1824 1060 1887 reformare
1088 1827 1223 1888 domum
1247 1847 1337 1889 suam
1362 1828 1394 1889 in
1418 1828 1495 1889 vici-

230 1944 306 1993 natu
324 1932 469 1993 Merclini
488 1931 623 2012 cirologi
649 1951 706 2014 pro
723 1951 827 2014 posse,
852 1944 887 1993 ut
909 1932 1004 1993 vicini
1026 1931 1203 2014 dampnum
1229 1952 1293 1995 non
1318 1934 1493 2015 paciantur.

334 2038 411 2099 item
449 2039 565 2099 Surkul
602 2037 706 2118 primo
742 2038 855 2100 citatus
890 2051 999 2099 contra
1037 2038 1212 2099 Martinum
1247 2053 1389 2101 sutorem
1428 2058 1494 2100 non

231 2144 419 2225 comparuit.

335 2249 414 2310 ltem
438 2250 549 2311 Petrus
572 2250 669 2311 Zolar
693 2264 801 2311 contra
825 2250 964 2333 Mykech
988 2250 1127 2331 judicem
1152 2251 1257 2333 primo
1285 2250 1398 2312 citatus
1429 2270 1494 2312 non

230 2355 418 2437 comparuit.

333 2461 411 2523 ltem
436 2460 570 2542 quidam
595 2475 696 2522 sartor
720 2474 808 2523 actor
832 2476 944 2523 contra
967 2460 1070 2523 filium
1100 2461 1242 2544 Hudlep,
1267 2474 1430 2543 assumpto
1454 2462 1493 2523 ad

228 2586 340 2648 pacem
357 2567 506 2645 termino,
531 2585 596 2627 non
621 2567 709 2629 venit
733 2588 791 2629 nec
815 2567 910 2630 misit.

334 2673 411 2735 item
449 2672 649 2753 Margaretha
691 2688 799 2735 contra
836 2674 941 2756 ipsum
978 2673 1109 2755 Hudlep
1153 2674 1252 2735 tercio
1296 2673 1389 2735 citata
1428 2693 1493 2735 non

230 2779 418 2856 comparuit.

334 2884 412 2945 ltem
425 2904 518 2946 causa
536 2884 708 2966 Dampiani
729 2885 845 2946 sutoris
862 2899 973 2948 contra
987 2885 1111 2947 Henrih
1129 2885 1299 2967 pellificem
1317 2906 1374 2968 per
1390 2899 1495 2964 testes,

231 3008 313 3069 quos
336 3004 420 3067 ante,
444 2990 483 3051 ad
509 3003 581 3051 octo
606 2990 674 3051 dies
698 3004 745 3052 est
768 3005 939 3073 prorogata
964 2991 1004 3052 ad
1028 3011 1151 3074 pacem.

335 3095 412 3157 Item
437 3111 550 3157 octavo
575 3095 626 3157 die
651 3094 797 3158 Cernech
830 3097 980 3179 Betrizyn
1013 3110 1121 3158 contra
1155 3097 1254 3158 Pethk
1279 3117 1312 3157 se
1336 3098 1495 3159 secundus

229 3201 355 3283 jurabit,
380 3203 468 3283 quod
493 3222 566 3263 eum
592 3223 658 3264 non
683 3203 876 3285 vituperavit
900 3223 958 3265 nec
983 3204 1172 3281 verberavit,
1202 3217 1233 3265 et
1256 3204 1325 3264 vice
1349 3223 1439 3264 versa
1461 3223 1494 3264 se

230 3308 346 3369 tercius
370 3307 487 3389 jurabit
511 3308 599 3390 quod
624 3308 750 3370 nullum
775 3309 952 3389 dampnum
977 3309 1036 3370 sibi
1062 3309 1224 3389 irrogavit.

334 3415 412 3476 ltem
445 3428 559 3477 octavo
594 3414 646 3475 die
682 3415 793 3476 Petrus
828 3414 986 3476 Valterini
1018 3415 1134 3495 jurabit
1170 3430 1279 3476 contra
1316 3416 1494 3494 Marsuam,

229 3521 316 3602 quod
335 3521 461 3582 nullum
476 3540 569 3582 avem
590 3540 646 3582 suc
665 3521 904 3582 conservacioni
922 3520 1130 3601 assignassem
1154 3534 1185 3582 et
1209 3522 1324 3583 iterum
1341 3521 1381 3583 ad
1398 3521 1494 3584 fidem

229 3627 360 3709 recipiet
382 3627 441 3688 XX
466 3627 632 3705 denarios,
657 3647 738 3708 quos
763 3627 891 3707 negavit
914 3647 947 3687 se
972 3627 1084 3703 teneri,
1109 3628 1139 3688 in
1167 3628 1339 3707 quindenis
1364 3648 1494 3710 quoque

230 3713 333 3794 solvet
357 3733 461 3794 eidem
488 3733 531 3794 M.
555 3732 705 3795 denarios
729 3732 796 3795 LX.

333 3838 411 3900 ltem
437 3838 481 3901 St.
505 3852 535 3900 et
559 3837 727 3920 Philippus
758 3852 872 3900 octavo
905 3838 958 3899 die
990 3854 1099 3900 contra
1124 3839 1301 3920 Georgium
1335 3840 1494 3920 jurabunt,

229 3943 316 4026 quod
333 3956 478 4026 tempore
495 3944 744 4026 composicionis
760 3943 840 4005 facte
865 3964 931 4006 non
950 3946 1147 4027 excepissent
1170 3946 1370 4007 solucionem
1395 3947 1494 4026 tallie‚

228 4063 262 4111 ut
286 4070 348 4111 una
372 4069 444 4132 pars
479 4050 620 4112 mediam
655 4064 686 4112 et
719 4050 781 4112 alia
817 4050 964 4112 similiter
998 4051 1122 4112 solvere
1157 4065 1336 4127 teneretur3
1372 4052 1492 4113 saniori

229 4154 343 4216 ductus
366 4155 502 4217 consilio
526 4156 711 4218 huiusmodi
736 4171 971 4218 sacramentum
996 4158 1041 4217 eis
1066 4157 1208 4219 indulsit.

333 4261 412 4324 ltem
437 4282 531 4323 causa
555 4263 681 4324 Nicolai
704 4264 814 4344 generi
841 4264 970 4325 Martini
999 4263 1135 4326 Zelezen
1162 4277 1193 4325 et
1216 4263 1325 4325 relicte
1350 4263 1493 4326 eiusdem

229 4367 339 4429 estad
364 4367 502 4448 primum
527 4368 683 4448 judicium
707 4369 864 4430 adventus
888 4369 1012 4430 domini
1038 4370 1081 4432 M.
1112 4370 1147 4432 F.
1173 4370 1204 4431 in
1230 4370 1430 4449 Zagrabiam,
1454 4371 1494 4431 ad

229 4473 373 4535 eiusdem
398 4473 521 4535 domini
545 4474 600 4550 M..
633 4474 709 4536 luan
742 4474 857 4556 judicis
886 4489 917 4537 et
948 4475 1056 4538 Lachk
1087 4475 1327 4539 atestacionem'
1346 4476 1379 4537 in
1411 4474 1495 4538 facto

229 4578 476 4662 composicionis
500 4579 616 4641 domus
640 4593 671 4641 et
694 4594 776 4643 terre
810 4594 857 4643 est
881 4594 1073 4663 prorogata;
1098 4582 1207 4644 medio
1239 4583 1325 4643 enim
1349 4595 1495 4664 tempore

229 4685 310 4747 inter
333 4698 438 4768 partes
461 4705 543 4767 pena
567 4700 614 4748 est
637 4687 740 4768 posita
764 4687 793 4748 X
817 4706 1008 4766 marcarum,
1033 4689 1148 4770 sipara
1172 4702 1293 4771 partem
1318 4687 1496 4751 offenderet

229 4793 328 4855 verbo
351 4791 403 4852 vel
428 4789 522 4854 facto.
