3488 5250
647 358 733 415 Anno
756 353 845 432 1363.
870 391 914 400 -
937 370 966 416 2.
987 357 1084 431 junii.

374 588 471 663 Feria
499 599 598 662 sexta
625 593 781 680 proxima
808 598 886 680 post
914 591 1036 662 festum
1065 593 1215 689 corporis
1245 589 1380 664 Christi.

792 743 834 818 (2.
848 743 956 818 juno).

350 881 460 944 Primo
484 901 577 944 causa
602 882 713 943 Mareu
737 895 768 943 et
793 881 917 944 Nicolsi
949 880 1115 962 quondam
1139 880 1254 961 judicis
1278 881 1318 943 ad
1342 897 1416 945 octo
1440 883 1508 945 dies

242 999 290 1048 est
312 985 354 1047 ad
377 1006 489 1068 pacem
513 1001 696 1070 prorogets.

350 1091 427 1154 ltem
453 1093 564 1154 Msren
588 1105 698 1154 contre
723 1093 852 1155 Petrum
869 1091 1024 1154 Valtcrini
1049 1091 1089 1153 sd
1114 1105 1187 1154 octo
1211 1091 1281 1154 dies
1303 1094 1423 1176 recepit
1446 1109 1507 1157 ter·

243 1197 368 1258 minum
392 1197 432 1258 sd
457 1197 731 1280 respondendum.

349 1303 427 1365 ltem
449 1323 542 1365 csuss
567 1323 663 1385 quam
690 1303 842 1365 dominus
858 1303 1034 1385 Dyonisius
1048 1305 1225 1382 subcust0s‚
1248 1317 1435 1387 procurator
1450 1304 1508 1367 do·

242 1408 321 1469 mini
336 1409 476 1491 episcopi
491 1409 718 1490 zagrnbiensis,
733 1421 843 1471 contre
859 1407 944 1470 filios
960 1409 1076 1490 Angeli
1095 1409 1206 1488 movit,
1220 1409 1260 1472 sd
1277 1410 1372 1471 unius
1388 1411 1507 1472 mensis

241 1514 383 1596 spacium
395 1528 468 1596 post
479 1514 689 1576 residencism
703 1514 859 1596 presentis
874 1513 990 1595 regalis
1006 1515 1171 1594 exercitus,
1181 1514 1221 1576 ad
1231 1515 1407 1578 adventum
1418 1516 1506 1577 vidc-

242 1619 319 1681 licet
335 1620 434 1702 ipsius
450 1620 573 1682 domini
591 1620 732 1703 episcopi
750 1621 782 1682 in
799 1620 988 1702 ngrsbiam
1005 1620 1110 1683 taliter
1127 1634 1174 1682 est
1189 1636 1371 1704 prorogsts,
1387 1621 1507 1686 scilicet

243 1725 333 1805 quod
356 1723 462 1806 judex,
486 1725 579 1808 jurati
602 1741 633 1789 et
663 1727 749 1788 cives
779 1725 820 1788 sd
852 1727 957 1808 ipsum
990 1726 1159 1789 dominum
1195 1728 1381 1809 episcopum
1417 1747 1506 1790 acce·

243 1830 355 1892 dentes
379 1830 474 1893 huius
498 1851 590 1894 csuse
614 1832 851 1894 continenciam
872 1843 904 1894 et
926 1832 1114 1912 qualitatem
1131 1832 1237 1895 eidem
1262 1847 1434 1916 exponent,
1450 1834 1506 1915 qui

245 1934 397 1998 dominus
420 1937 589 2019 episcopus
612 1937 638 1998 si
661 1936 701 1998 de
724 1936 910 2000 huiusmodi
942 1937 1085 2020 ipsorum
1111 1937 1315 2020 esposicione
1339 1950 1508 2002 contentus

244 2039 339 2104 luerit
362 2056 393 2104 et
416 2063 476 2105 nos
499 2044 531 2104 in
555 2043 673 2105 nostris
704 2042 827 2125 juribus
857 2062 1045 2105 conservare
1072 2044 1222 2122 voluerit,
1253 2044 1336 2107 bene
1360 2044 1505 2126 quidem,

243 2146 322 2208 alias
344 2147 536 2230 procedetur
567 2148 599 2210 in
632 2147 818 2210 huiusmodi
850 2168 943 2211 causa
968 2149 999 2211 in
1031 2147 1094 2211 fine
1124 2149 1258 2230 predicti
1283 2150 1403 2212 mensis
1426 2149 1504 2231 juris

242 2253 355 2316 ordine
380 2255 552 2319 mediante.
578 2291 617 2303 -
641 2254 918 2338 lnlrsscriptorum
950 2275 1026 2318 vero
1060 2255 1262 2318 districtuum
1292 2276 1350 2318 seu
1373 2274 1505 2338 genera·

242 2359 372 2422 cinnum
397 2360 717 2423 inlrsnominatsrum
749 2361 876 2423 nobiles
898 2361 1061 2443 sexaginta
1092 2375 1156 2423 tres
1178 2361 1230 2423 vel
1261 2362 1344 2424 ultra
1367 2381 1503 2426 numero

241 2465 375 2529 univero
398 2486 455 2548 per
477 2467 637 2550 predictos
660 2466 874 2550 liliosAngeli
899 2467 1039 2546 adducti,
1057 2467 1227 2549 diligenter
1250 2482 1282 2530 et
1298 2468 1431 2550 juridice
1455 2488 1503 2530 se·

240 2570 382 2633 cundum
408 2574 497 2654 quod
521 2573 554 2634 in
577 2573 696 2636 talibus
718 2571 787 2635 fieri
811 2574 977 2635 consvevit
1007 2573 1190 2652 examinati,
1216 2575 1276 2636 sub
1300 2573 1504 2654 juramentsli

239 2674 445 2757 deposicione
476 2678 580 2741 taliter
611 2678 789 2741 retulerunt
819 2678 996 2757 stestsndo‚
1027 2679 1167 2741 scilicet:
1210 2679 1337 2741 nobiles
1367 2699 1501 2760 genere·

240 2781 343 2843 cionis
366 2783 406 2843 de
430 2782 557 2867 Csmpo
582 2784 792 2865 zagrsbiensi‚
821 2784 1043 2866 generacionis
1074 2785 1114 2846 de
1139 2785 1252 2868 Blyns‚
1283 2786 1504 2867 generacionis

242 2886 282 2948 de
307 2887 495 2967 Moroucba,
527 2890 748 2969 generationis
779 2890 818 2951 de
843 2890 1008 2969 Klokocb‚
1039 2891 1261 2971 generacionis
1292 2890 1332 2952 de
1356 2889 1506 2974 Gorycha

241 3004 273 3054 et
295 2994 518 3074 generacionis
542 2995 582 3056 de
606 2995 744 3074 Pribich‚
769 2994 857 3076 quod
882 2995 941 3077 ipsi
966 2993 1023 3057 filii
1041 2996 1170 3077 Angeli,
1193 3010 1375 3078 patresque,
1399 2997 1450 3058 svi
1474 3009 1506 3059 et

240 3098 387 3179 prothavi
421 3119 533 3161 eorum
565 3100 709 3162 nacionis
733 3099 940 3181 hungariche,
972 3100 1123 3163 videlicet
1154 3100 1315 3163 districtus
1346 3101 1386 3163 de
1418 3102 1505 3181 Zela,

242 3204 369 3266 nobiles
400 3205 492 3267 liberi
524 3204 601 3282 fore,
631 3205 825 3287 regibusque
856 3218 888 3267 et
923 3206 1014 3267 banis
1045 3206 1216 3288 primitivis
1246 3207 1328 3268 sicut
1349 3207 1442 3268 liberi
1475 3221 1506 3270 et

243 3309 368 3371 nobiles
392 3310 540 3372 homines
562 3330 674 3393 supsm
693 3310 800 3393 (lupe)
817 3331 889 3372 cum
914 3310 1068 3374 fidelitate
1084 3312 1287 3373 servivissent
1310 3325 1342 3374 et
1357 3311 1505 3393 predium

240 3416 272 3476 in
296 3416 458 3478 territorio
482 3417 582 3498 ipsius
605 3416 729 3478 domini
754 3417 896 3500 episcopi
923 3436 1011 3479 more
1028 3418 1204 3480 liberorum
1228 3417 1421 3500 predialium
1446 3417 1504 3479 bo-

240 3522 364 3584 minum
388 3522 564 3585 tenuissent
587 3537 618 3585 et
645 3523 869 3605 possedissent.

345 3626 423 3688 ltem
447 3646 541 3689 csuss
565 3627 650 3689 Petri
673 3629 803 3690 sartoris
826 3642 937 3690 contre
958 3627 1116 3691 famulum
1141 3629 1230 3690 Pauli
1256 3628 1313 3691 filii
1339 3630 1503 3691 Leunardi

239 3730 348 3792 estad
374 3731 486 3794 leriam
510 3732 641 3794 terciam
665 3748 847 3816 prorogata.

345 3837 422 3901 Item
447 3857 541 3900 ccum
558 3839 687 3901 Andree
703 3838 783 3901 fabri
803 3853 834 3901 et
859 3840 1014 3903 Johsnnis
1029 3841 1160 3902 sartoris
1175 3840 1215 3902 sd
1241 3839 1353 3902 leriam
1370 3841 1501 3903 terciam

239 3957 285 4003 est
308 3956 490 4024 prorogata.

344 4049 422 4111 Item
447 4051 603 4112 Martinus
627 4050 795 4133 Denlretyn
829 4064 939 4113 contra
972 4052 1142 4113 Nicolaum
1175 4050 1373 4113 aurifabrum
1397 4053 1503 4135 primo

238 4154 352 4217 citatus
376 4174 442 4217 non
469 4157 658 4238 comparuit.

345 4260 421 4321 ltem
437 4260 566 4342 Lucych
577 4260 705 4323 Cussilo
718 4274 828 4323 contra
841 4262 977 4323 Zdrsuie
990 4263 1096 4344 primo
1105 4263 1219 4324 citatus
1232 4282 1296 4324 non
1311 4262 1500 4343 comparuit.

343 4366 421 4428 ltem
445 4385 544 4447 gener
568 4380 599 4428 et
621 4365 727 4447 junior
751 4365 816 4428 filis
841 4367 990 4446 Stanecb,
1023 4366 1103 4430 lacta
1128 4381 1159 4430 et
1181 4367 1288 4430 habits
1312 4367 1351 4429 dc
1375 4367 1501 4429 beredi-

237 4469 356 4533 tstibus
379 4485 410 4533 et
432 4472 686 4554 possessionibus
710 4491 822 4535 eorum
847 4493 932 4535 nunc
956 4473 1101 4535 indivisis
1133 4474 1302 4552 divisione,
1325 4488 1408 4536 sorte
1433 4493 1499 4536 me·

238 4576 347 4639 disnte
371 4578 412 4639 sd
435 4578 605 4659 porciones
627 4578 786 4640 cedendas
809 4592 961 4662 poterunt
985 4595 1016 4642 et
1040 4580 1159 4642 debent
1182 4599 1371 4643 convocare.

343 4683 421 4746 ltem
444 4703 540 4747 causa
563 4683 621 4747 filii
647 4685 776 4746 Kordus
800 4699 831 4747 et
854 4686 1014 4749 ancbecb
1030 4685 1183 4750 aurifabri
1208 4699 1255 4748 est
1269 4686 1311 4748 ad
1335 4701 1408 4748 octo
1432 4687 1502 4748 dies

237 4805 407 4872 prorogate
431 4791 472 4852 ad
495 4791 748 4873 produccionem
780 4792 897 4874 jurium
929 4812 986 4875 per
1008 4807 1115 4876 psrtes
1144 4806 1314 4856 annotatas
1338 4793 1371 4854 in
1397 4811 1501 4854 causa.
