<?xml version="1.0" encoding="UTF-8"?>
<!DOCTYPE html PUBLIC "-//W3C//DTD XHTML 1.0 Transitional//EN"
    "http://www.w3.org/TR/xhtml1/DTD/xhtml1-transitional.dtd">
<html xmlns="http://www.w3.org/1999/xhtml" xml:lang="en" lang="en">
 <head>
  <title>
</title>
<meta http-equiv="Content-Type" content="text/html;charset=utf-8" />
  <meta name='ocr-system' content='tesseract 3.04.00' />
  <meta name='ocr-capabilities' content='ocr_page ocr_carea ocr_par ocr_line ocrx_word'/>
</head>
<body>
  <div class='ocr_page' id='page_1' title='image "./monumentahistor08laszgoog/monumentahistor08laszgoog_0310.png"; bbox 0 0 3488 5250; ppageno 0'>
   <div class='ocr_carea' id='block_1_1' title="bbox 629 339 1500 421">
    <p class='ocr_par' dir='ltr' id='par_1_1' title="bbox 629 339 1500 421">
     <span class='ocr_line' id='line_1_1' title="bbox 629 339 1500 421; baseline 0 -21"><span class='ocrx_word' id='word_1_1' title='bbox 629 343 715 400; x_wconf 84' lang='lat' dir='ltr'>Anno</span> <span class='ocrx_word' id='word_1_2' title='bbox 737 339 828 418; x_wconf 72' lang='lat'>1365.</span> <span class='ocrx_word' id='word_1_3' title='bbox 852 374 895 384; x_wconf 90' lang='lat'>—</span> <span class='ocrx_word' id='word_1_4' title='bbox 918 355 968 418; x_wconf 77' lang='lat'>14.</span> <span class='ocrx_word' id='word_1_5' title='bbox 993 340 1111 415; x_wconf 83' lang='lat' dir='ltr'><em>aprilis.</em></span> <span class='ocrx_word' id='word_1_6' title='bbox 1208 367 1211 372; x_wconf 92' lang='lat'>·</span> <span class='ocrx_word' id='word_1_7' title='bbox 1439 339 1500 421; x_wconf 82' lang='lat'>263</span> 
     </span>
    </p>
   </div>
   <div class='ocr_carea' id='block_1_2' title="bbox 235 549 1505 4016">
    <p class='ocr_par' dir='ltr' id='par_1_2' title="bbox 238 549 1502 739">
     <span class='ocr_line' id='line_1_2' title="bbox 343 549 1502 631; baseline -0.001 -20"><span class='ocrx_word' id='word_1_8' title='bbox 343 549 422 611; x_wconf 87' lang='lat' dir='ltr'>Item</span> <span class='ocrx_word' id='word_1_9' title='bbox 446 549 599 613; x_wconf 90' lang='lat' dir='ltr'>Crisanus</span> <span class='ocrx_word' id='word_1_10' title='bbox 622 550 663 612; x_wconf 88' lang='lat' dir='ltr'>de</span> <span class='ocrx_word' id='word_1_11' title='bbox 681 551 846 612; x_wconf 87' lang='lat' dir='ltr'>Pobressia</span> <span class='ocrx_word' id='word_1_12' title='bbox 871 563 980 612; x_wconf 90' lang='lat' dir='ltr'>contra</span> <span class='ocrx_word' id='word_1_13' title='bbox 1005 549 1168 631; x_wconf 88' lang='lat' dir='ltr'>quandam</span> <span class='ocrx_word' id='word_1_14' title='bbox 1186 549 1355 612; x_wconf 88' lang='lat' dir='ltr'>mulierem</span> <span class='ocrx_word' id='word_1_15' title='bbox 1372 549 1412 611; x_wconf 92' lang='lat' dir='ltr'>ad</span> <span class='ocrx_word' id='word_1_16' title='bbox 1429 564 1502 612; x_wconf 89' lang='lat' dir='ltr'>octo</span> 
     </span>
     <span class='ocr_line' id='line_1_3' title="bbox 238 655 1008 739; baseline 0 -22"><span class='ocrx_word' id='word_1_17' title='bbox 238 656 306 719; x_wconf 91' lang='lat' dir='ltr'>dies</span> <span class='ocrx_word' id='word_1_18' title='bbox 330 656 449 739; x_wconf 90' lang='lat' dir='ltr'>recepit</span> <span class='ocrx_word' id='word_1_19' title='bbox 473 656 647 718; x_wconf 89' lang='lat' dir='ltr'>terminum</span> <span class='ocrx_word' id='word_1_20' title='bbox 671 656 711 718; x_wconf 90' lang='lat' dir='ltr'>ad</span> <span class='ocrx_word' id='word_1_21' title='bbox 736 655 1008 738; x_wconf 87' lang='lat' dir='ltr'>respondendum.</span> 
     </span>
    </p>

    <p class='ocr_par' dir='ltr' id='par_1_3' title="bbox 239 760 1503 949">
     <span class='ocr_line' id='line_1_4' title="bbox 344 760 1503 844; baseline 0 -22"><span class='ocrx_word' id='word_1_22' title='bbox 344 762 423 824; x_wconf 86' lang='lat' dir='ltr'><strong>Item</strong></span> <span class='ocrx_word' id='word_1_23' title='bbox 446 762 533 824; x_wconf 89' lang='lat' dir='ltr'>Elias</span> <span class='ocrx_word' id='word_1_24' title='bbox 557 780 673 844; x_wconf 89' lang='lat' dir='ltr'>parvus</span> <span class='ocrx_word' id='word_1_25' title='bbox 704 775 814 823; x_wconf 91' lang='lat' dir='ltr'>contra</span> <span class='ocrx_word' id='word_1_26' title='bbox 847 761 977 824; x_wconf 89' lang='lat' dir='ltr'>Petrum</span> <span class='ocrx_word' id='word_1_27' title='bbox 1009 762 1084 823; x_wconf 85' lang='lat' dir='ltr'>Jaxe</span> <span class='ocrx_word' id='word_1_28' title='bbox 1108 774 1348 843; x_wconf 87' lang='lat' dir='ltr'>procuratorem</span> <span class='ocrx_word' id='word_1_29' title='bbox 1371 760 1503 823; x_wconf 90' lang='lat' dir='ltr'>domine</span> 
     </span>
     <span class='ocr_line' id='line_1_5' title="bbox 239 866 1034 949; baseline 0 -20"><span class='ocrx_word' id='word_1_30' title='bbox 239 868 429 930; x_wconf 91' lang='lat' dir='ltr'>Lancholoti</span> <span class='ocrx_word' id='word_1_31' title='bbox 454 866 595 930; x_wconf 88' lang='lat' dir='ltr'>secundo</span> <span class='ocrx_word' id='word_1_32' title='bbox 619 867 732 929; x_wconf 87' lang='lat' dir='ltr'>citatus</span> <span class='ocrx_word' id='word_1_33' title='bbox 755 887 821 928; x_wconf 94' lang='lat' dir='ltr'>non</span> <span class='ocrx_word' id='word_1_34' title='bbox 845 867 1034 949; x_wconf 86' lang='lat' dir='ltr'><strong>comparuit.</strong></span> 
     </span>
    </p>

    <p class='ocr_par' dir='ltr' id='par_1_4' title="bbox 237 971 1502 1161">
     <span class='ocr_line' id='line_1_6' title="bbox 343 971 1502 1054; baseline -0.001 -20"><span class='ocrx_word' id='word_1_35' title='bbox 343 973 422 1035; x_wconf 88' lang='lat' dir='ltr'><strong>Item</strong></span> <span class='ocrx_word' id='word_1_36' title='bbox 447 973 564 1034; x_wconf 89' lang='lat' dir='ltr'>Paulus</span> <span class='ocrx_word' id='word_1_37' title='bbox 588 986 698 1035; x_wconf 89' lang='lat' dir='ltr'>contra</span> <span class='ocrx_word' id='word_1_38' title='bbox 723 972 854 1035; x_wconf 87' lang='lat' dir='ltr'>Kokoth</span> <span class='ocrx_word' id='word_1_39' title='bbox 878 972 918 1034; x_wconf 86' lang='lat' dir='ltr'>ad</span> <span class='ocrx_word' id='word_1_40' title='bbox 939 986 1012 1035; x_wconf 93' lang='lat' dir='ltr'>octo</span> <span class='ocrx_word' id='word_1_41' title='bbox 1037 972 1105 1034; x_wconf 86' lang='lat' dir='ltr'>dies</span> <span class='ocrx_word' id='word_1_42' title='bbox 1128 972 1248 1054; x_wconf 92' lang='lat' dir='ltr'>recepit</span> <span class='ocrx_word' id='word_1_43' title='bbox 1271 971 1445 1034; x_wconf 88' lang='lat' dir='ltr'>terminum</span> <span class='ocrx_word' id='word_1_44' title='bbox 1462 971 1502 1033; x_wconf 92' lang='lat' dir='ltr'>ad</span> 
     </span>
     <span class='ocr_line' id='line_1_7' title="bbox 237 1078 511 1161; baseline 0.004 -21"><span class='ocrx_word' id='word_1_45' title='bbox 237 1078 511 1161; x_wconf 88' lang='lat' dir='ltr'>respondendum.</span> 
     </span>
    </p>

    <p class='ocr_par' dir='ltr' id='par_1_5' title="bbox 342 1183 1498 1265">
     <span class='ocr_line' id='line_1_8' title="bbox 342 1183 1498 1265; baseline 0.002 -20"><span class='ocrx_word' id='word_1_46' title='bbox 342 1184 420 1246; x_wconf 86' lang='lat' dir='ltr'>Item</span> <span class='ocrx_word' id='word_1_47' title='bbox 433 1184 552 1245; x_wconf 86' lang='lat' dir='ltr'>Paulus</span> <span class='ocrx_word' id='word_1_48' title='bbox 564 1183 684 1245; x_wconf 85' lang='lat' dir='ltr'>vuzdar</span> <span class='ocrx_word' id='word_1_49' title='bbox 696 1199 805 1246; x_wconf 89' lang='lat' dir='ltr'>contra</span> <span class='ocrx_word' id='word_1_50' title='bbox 819 1183 925 1246; x_wconf 89' lang='lat' dir='ltr'>Jamer</span> <span class='ocrx_word' id='word_1_51' title='bbox 936 1183 1079 1245; x_wconf 89' lang='lat' dir='ltr'>secundo</span> <span class='ocrx_word' id='word_1_52' title='bbox 1095 1185 1209 1245; x_wconf 86' lang='lat' dir='ltr'>citatus</span> <span class='ocrx_word' id='word_1_53' title='bbox 1225 1202 1291 1245; x_wconf 92' lang='lat' dir='ltr'>non</span> <span class='ocrx_word' id='word_1_54' title='bbox 1308 1184 1498 1265; x_wconf 86' lang='lat' dir='ltr'><strong>comparuit.</strong></span> 
     </span>
    </p>

    <p class='ocr_par' dir='ltr' id='par_1_6' title="bbox 237 1288 1505 1474">
     <span class='ocr_line' id='line_1_9' title="bbox 343 1288 1505 1372; baseline 0 -22"><span class='ocrx_word' id='word_1_55' title='bbox 343 1289 421 1350; x_wconf 92' lang='lat' dir='ltr'>Item</span> <span class='ocrx_word' id='word_1_56' title='bbox 445 1289 471 1350; x_wconf 88' lang='lat' dir='ltr'>si</span> <span class='ocrx_word' id='word_1_57' title='bbox 495 1308 596 1370; x_wconf 87' lang='lat' dir='ltr'>usque</span> <span class='ocrx_word' id='word_1_58' title='bbox 628 1289 808 1371; x_wconf 86' lang='lat' dir='ltr'>quindenas</span> <span class='ocrx_word' id='word_1_59' title='bbox 832 1289 967 1372; x_wconf 90' lang='lat' dir='ltr'>Mykech</span> <span class='ocrx_word' id='word_1_60' title='bbox 995 1289 1153 1351; x_wconf 93' lang='lat' dir='ltr'>quanino</span> <span class='ocrx_word' id='word_1_61' title='bbox 1178 1289 1217 1350; x_wconf 93' lang='lat' dir='ltr'>de</span> <span class='ocrx_word' id='word_1_62' title='bbox 1242 1289 1366 1350; x_wconf 89' lang='lat' dir='ltr'>duabus</span> <span class='ocrx_word' id='word_1_63' title='bbox 1389 1288 1505 1350; x_wconf 82' lang='lat' dir='ltr'>marcis</span> 
     </span>
     <span class='ocr_line' id='line_1_10' title="bbox 237 1392 1010 1474; baseline 0.001 -18"><span class='ocrx_word' id='word_1_64' title='bbox 237 1392 419 1474; x_wconf 79' lang='lat' dir='ltr'>satisfaciet,</span> <span class='ocrx_word' id='word_1_65' title='bbox 443 1395 521 1457; x_wconf 87' lang='lat' dir='ltr'>alias</span> <span class='ocrx_word' id='word_1_66' title='bbox 545 1395 669 1456; x_wconf 88' lang='lat' dir='ltr'>iusticia</span> <span class='ocrx_word' id='word_1_67' title='bbox 693 1395 870 1457; x_wconf 85' lang='lat' dir='ltr'>servabitur</span> <span class='ocrx_word' id='word_1_68' title='bbox 894 1395 1010 1457; x_wconf 89' lang='lat' dir='ltr'>eidem.</span> 
     </span>
    </p>

    <p class='ocr_par' dir='ltr' id='par_1_7' title="bbox 344 1500 1447 1584">
     <span class='ocr_line' id='line_1_11' title="bbox 344 1500 1447 1584; baseline 0.003 -23"><span class='ocrx_word' id='word_1_69' title='bbox 344 1501 422 1563; x_wconf 85' lang='lat' dir='ltr'>Item</span> <span class='ocrx_word' id='word_1_70' title='bbox 447 1501 624 1563; x_wconf 90' lang='lat' dir='ltr'>Damianus</span> <span class='ocrx_word' id='word_1_71' title='bbox 648 1515 758 1563; x_wconf 93' lang='lat' dir='ltr'>contra</span> <span class='ocrx_word' id='word_1_72' title='bbox 782 1500 877 1563; x_wconf 90' lang='lat' dir='ltr'>luech</span> <span class='ocrx_word' id='word_1_73' title='bbox 901 1502 1006 1584; x_wconf 91' lang='lat' dir='ltr'>primo</span> <span class='ocrx_word' id='word_1_74' title='bbox 1031 1502 1144 1563; x_wconf 87' lang='lat' dir='ltr'>citatus</span> <span class='ocrx_word' id='word_1_75' title='bbox 1167 1520 1232 1562; x_wconf 94' lang='lat' dir='ltr'>non</span> <span class='ocrx_word' id='word_1_76' title='bbox 1257 1501 1447 1583; x_wconf 82' lang='lat' dir='ltr'>comparuit.</span> 
     </span>
    </p>

    <p class='ocr_par' dir='ltr' id='par_1_8' title="bbox 238 1605 1504 1795">
     <span class='ocr_line' id='line_1_12' title="bbox 344 1605 1504 1689; baseline 0.003 -22"><span class='ocrx_word' id='word_1_77' title='bbox 344 1606 422 1668; x_wconf 86' lang='lat' dir='ltr'>Item</span> <span class='ocrx_word' id='word_1_78' title='bbox 446 1606 600 1668; x_wconf 85' lang='lat' dir='ltr'>Nicolaus</span> <span class='ocrx_word' id='word_1_79' title='bbox 624 1605 708 1668; x_wconf 86' lang='lat' dir='ltr'>filius</span> <span class='ocrx_word' id='word_1_80' title='bbox 733 1607 855 1669; x_wconf 91' lang='lat' dir='ltr'>Mareni</span> <span class='ocrx_word' id='word_1_81' title='bbox 880 1623 989 1669; x_wconf 89' lang='lat' dir='ltr'>contra</span> <span class='ocrx_word' id='word_1_82' title='bbox 1015 1607 1224 1669; x_wconf 88' lang='lat' dir='ltr'>Salomonem</span> <span class='ocrx_word' id='word_1_83' title='bbox 1257 1606 1362 1689; x_wconf 92' lang='lat' dir='ltr'>primo</span> <span class='ocrx_word' id='word_1_84' title='bbox 1389 1608 1504 1670; x_wconf 82' lang='lat' dir='ltr'>citatus</span> 
     </span>
     <span class='ocr_line' id='line_1_13' title="bbox 238 1714 517 1795; baseline 0.014 -23"><span class='ocrx_word' id='word_1_85' title='bbox 238 1731 304 1773; x_wconf 94' lang='lat' dir='ltr'>non</span> <span class='ocrx_word' id='word_1_86' title='bbox 328 1714 517 1795; x_wconf 84' lang='lat' dir='ltr'>comparuit.</span> 
     </span>
    </p>

    <p class='ocr_par' dir='ltr' id='par_1_9' title="bbox 236 1817 1501 2002">
     <span class='ocr_line' id='line_1_14' title="bbox 343 1817 1501 1900; baseline 0.002 -22"><span class='ocrx_word' id='word_1_87' title='bbox 343 1817 422 1880; x_wconf 86' lang='lat' dir='ltr'>Item</span> <span class='ocrx_word' id='word_1_88' title='bbox 448 1819 586 1880; x_wconf 81' lang='lat' dir='ltr'>Iacobus</span> <span class='ocrx_word' id='word_1_89' title='bbox 610 1833 640 1880; x_wconf 91' lang='lat' dir='ltr'>et</span> <span class='ocrx_word' id='word_1_90' title='bbox 665 1817 826 1900; x_wconf 84' lang='lat' dir='ltr'>Georgius</span> <span class='ocrx_word' id='word_1_91' title='bbox 847 1819 990 1882; x_wconf 89' lang='lat' dir='ltr'>secundo</span> <span class='ocrx_word' id='word_1_92' title='bbox 1007 1818 1093 1880; x_wconf 90' lang='lat' dir='ltr'>citati</span> <span class='ocrx_word' id='word_1_93' title='bbox 1110 1830 1219 1880; x_wconf 92' lang='lat' dir='ltr'>contra</span> <span class='ocrx_word' id='word_1_94' title='bbox 1237 1819 1307 1880; x_wconf 88' lang='lat' dir='ltr'>Jakl</span> <span class='ocrx_word' id='word_1_95' title='bbox 1331 1837 1397 1880; x_wconf 92' lang='lat' dir='ltr'>non</span> <span class='ocrx_word' id='word_1_96' title='bbox 1414 1837 1501 1880; x_wconf 90' lang='lat' dir='ltr'>com·</span> 
     </span>
     <span class='ocr_line' id='line_1_15' title="bbox 236 1937 421 2002; baseline 0.027 -20"><span class='ocrx_word' id='word_1_97' title='bbox 236 1937 421 2002; x_wconf 90' lang='lat' dir='ltr'>paruerunt.</span> 
     </span>
    </p>

    <p class='ocr_par' dir='ltr' id='par_1_10' title="bbox 237 2027 1501 2217">
     <span class='ocr_line' id='line_1_16' title="bbox 342 2027 1501 2093; baseline -0.001 -2"><span class='ocrx_word' id='word_1_98' title='bbox 342 2027 423 2091; x_wconf 89' lang='lat' dir='ltr'>Item</span> <span class='ocrx_word' id='word_1_99' title='bbox 455 2030 616 2092; x_wconf 86' lang='lat' dir='ltr'>Iohannes</span> <span class='ocrx_word' id='word_1_100' title='bbox 648 2031 761 2093; x_wconf 92' lang='lat' dir='ltr'>Zentin</span> <span class='ocrx_word' id='word_1_101' title='bbox 794 2045 902 2093; x_wconf 89' lang='lat' dir='ltr'>contra</span> <span class='ocrx_word' id='word_1_102' title='bbox 936 2029 1078 2092; x_wconf 90' lang='lat' dir='ltr'>Obraam</span> <span class='ocrx_word' id='word_1_103' title='bbox 1113 2029 1255 2091; x_wconf 89' lang='lat' dir='ltr'>secundo</span> <span class='ocrx_word' id='word_1_104' title='bbox 1291 2029 1403 2091; x_wconf 89' lang='lat' dir='ltr'>citatus</span> <span class='ocrx_word' id='word_1_105' title='bbox 1434 2048 1501 2090; x_wconf 91' lang='lat' dir='ltr'>non</span> 
     </span>
     <span class='ocr_line' id='line_1_17' title="bbox 237 2136 427 2217; baseline 0.016 -22"><span class='ocrx_word' id='word_1_106' title='bbox 237 2136 427 2217; x_wconf 90' lang='lat' dir='ltr'>comparuit.</span> 
     </span>
    </p>

    <p class='ocr_par' dir='ltr' id='par_1_11' title="bbox 236 2240 1498 2431">
     <span class='ocr_line' id='line_1_18' title="bbox 342 2240 1498 2323; baseline -0.001 -21"><span class='ocrx_word' id='word_1_107' title='bbox 342 2242 420 2303; x_wconf 91' lang='lat' dir='ltr'>Item</span> <span class='ocrx_word' id='word_1_108' title='bbox 444 2261 538 2304; x_wconf 88' lang='lat' dir='ltr'>causa</span> <span class='ocrx_word' id='word_1_109' title='bbox 562 2262 625 2323; x_wconf 91' lang='lat' dir='ltr'>que</span> <span class='ocrx_word' id='word_1_110' title='bbox 649 2243 781 2305; x_wconf 89' lang='lat' dir='ltr'>vertitur</span> <span class='ocrx_word' id='word_1_111' title='bbox 805 2243 887 2304; x_wconf 92' lang='lat' dir='ltr'>inter</span> <span class='ocrx_word' id='word_1_112' title='bbox 905 2243 1048 2304; x_wconf 89' lang='lat' dir='ltr'>Baboieb</span> <span class='ocrx_word' id='word_1_113' title='bbox 1072 2257 1103 2304; x_wconf 92' lang='lat' dir='ltr'>et</span> <span class='ocrx_word' id='word_1_114' title='bbox 1132 2241 1235 2304; x_wconf 88' lang='lat' dir='ltr'>Vidak</span> <span class='ocrx_word' id='word_1_115' title='bbox 1259 2261 1295 2302; x_wconf 88' lang='lat' dir='ltr'>ac</span> <span class='ocrx_word' id='word_1_116' title='bbox 1320 2240 1498 2322; x_wconf 83' lang='lat' dir='ltr'>Georgium</span> 
     </span>
     <span class='ocr_line' id='line_1_19' title="bbox 236 2346 941 2431; baseline 0.003 -23"><span class='ocrx_word' id='word_1_117' title='bbox 236 2346 277 2407; x_wconf 91' lang='lat' dir='ltr'>ad</span> <span class='ocrx_word' id='word_1_118' title='bbox 301 2360 374 2409; x_wconf 91' lang='lat' dir='ltr'>octo</span> <span class='ocrx_word' id='word_1_119' title='bbox 398 2347 467 2409; x_wconf 90' lang='lat' dir='ltr'>dies</span> <span class='ocrx_word' id='word_1_120' title='bbox 490 2361 537 2410; x_wconf 86' lang='lat' dir='ltr'>est</span> <span class='ocrx_word' id='word_1_121' title='bbox 560 2349 600 2409; x_wconf 93' lang='lat' dir='ltr'>ad</span> <span class='ocrx_word' id='word_1_122' title='bbox 624 2367 737 2430; x_wconf 88' lang='lat' dir='ltr'>pacem</span> <span class='ocrx_word' id='word_1_123' title='bbox 760 2362 941 2431; x_wconf 90' lang='lat' dir='ltr'>prorogata.</span> 
     </span>
    </p>

    <p class='ocr_par' dir='ltr' id='par_1_12' title="bbox 342 2453 1500 2536">
     <span class='ocr_line' id='line_1_20' title="bbox 342 2453 1500 2536; baseline 0.001 -21"><span class='ocrx_word' id='word_1_124' title='bbox 342 2454 420 2516; x_wconf 91' lang='lat' dir='ltr'>Item</span> <span class='ocrx_word' id='word_1_125' title='bbox 438 2454 549 2515; x_wconf 90' lang='lat' dir='ltr'>Petrus</span> <span class='ocrx_word' id='word_1_126' title='bbox 565 2455 660 2517; x_wconf 91' lang='lat' dir='ltr'>Zolar</span> <span class='ocrx_word' id='word_1_127' title='bbox 672 2454 815 2517; x_wconf 89' lang='lat' dir='ltr'>secundo</span> <span class='ocrx_word' id='word_1_128' title='bbox 828 2455 941 2516; x_wconf 87' lang='lat' dir='ltr'>citatus</span> <span class='ocrx_word' id='word_1_129' title='bbox 952 2468 1061 2516; x_wconf 87' lang='lat' dir='ltr'>contra</span> <span class='ocrx_word' id='word_1_130' title='bbox 1079 2453 1219 2536; x_wconf 89' lang='lat' dir='ltr'>judicem</span> <span class='ocrx_word' id='word_1_131' title='bbox 1231 2472 1297 2515; x_wconf 91' lang='lat' dir='ltr'>non</span> <span class='ocrx_word' id='word_1_132' title='bbox 1310 2453 1500 2534; x_wconf 84' lang='lat' dir='ltr'>comparuit.</span> 
     </span>
    </p>

    <p class='ocr_par' dir='ltr' id='par_1_13' title="bbox 236 2558 1499 2746">
     <span class='ocr_line' id='line_1_21' title="bbox 342 2558 1499 2622; baseline 0 -3"><span class='ocrx_word' id='word_1_133' title='bbox 342 2558 421 2621; x_wconf 93' lang='lat' dir='ltr'>Item</span> <span class='ocrx_word' id='word_1_134' title='bbox 444 2559 489 2621; x_wconf 85' lang='lat' dir='ltr'>St.</span> <span class='ocrx_word' id='word_1_135' title='bbox 512 2558 598 2621; x_wconf 87' lang='lat' dir='ltr'>filius</span> <span class='ocrx_word' id='word_1_136' title='bbox 630 2559 775 2622; x_wconf 90' lang='lat' dir='ltr'>Cernech</span> <span class='ocrx_word' id='word_1_137' title='bbox 807 2575 917 2622; x_wconf 92' lang='lat' dir='ltr'>contra</span> <span class='ocrx_word' id='word_1_138' title='bbox 948 2560 1092 2622; x_wconf 90' lang='lat' dir='ltr'>Blasium</span> <span class='ocrx_word' id='word_1_139' title='bbox 1116 2560 1258 2621; x_wconf 90' lang='lat' dir='ltr'>secundo</span> <span class='ocrx_word' id='word_1_140' title='bbox 1290 2559 1403 2622; x_wconf 89' lang='lat' dir='ltr'>citatus</span> <span class='ocrx_word' id='word_1_141' title='bbox 1433 2577 1499 2619; x_wconf 93' lang='lat' dir='ltr'>non</span> 
     </span>
     <span class='ocr_line' id='line_1_22' title="bbox 236 2666 425 2746; baseline 0.011 -21"><span class='ocrx_word' id='word_1_142' title='bbox 236 2666 425 2746; x_wconf 91' lang='lat' dir='ltr'>comparuit.</span> 
     </span>
    </p>

    <p class='ocr_par' dir='ltr' id='par_1_14' title="bbox 236 2769 1498 2959">
     <span class='ocr_line' id='line_1_23' title="bbox 342 2769 1498 2834; baseline 0.001 -3"><span class='ocrx_word' id='word_1_143' title='bbox 342 2771 420 2831; x_wconf 91' lang='lat' dir='ltr'>Item</span> <span class='ocrx_word' id='word_1_144' title='bbox 445 2770 598 2833; x_wconf 89' lang='lat' dir='ltr'>Crisanus</span> <span class='ocrx_word' id='word_1_145' title='bbox 614 2770 654 2833; x_wconf 93' lang='lat' dir='ltr'>de</span> <span class='ocrx_word' id='word_1_146' title='bbox 671 2772 838 2834; x_wconf 87' lang='lat' dir='ltr'>Pobressia</span> <span class='ocrx_word' id='word_1_147' title='bbox 855 2786 964 2833; x_wconf 90' lang='lat' dir='ltr'>contra</span> <span class='ocrx_word' id='word_1_148' title='bbox 982 2771 1163 2834; x_wconf 84' lang='lat' dir='ltr'>Iohannem</span> <span class='ocrx_word' id='word_1_149' title='bbox 1181 2784 1336 2833; x_wconf 88' lang='lat' dir='ltr'>sartorem</span> <span class='ocrx_word' id='word_1_150' title='bbox 1355 2769 1498 2832; x_wconf 90' lang='lat' dir='ltr'>secundo</span> 
     </span>
     <span class='ocr_line' id='line_1_24' title="bbox 236 2875 653 2959; baseline 0.007 -23"><span class='ocrx_word' id='word_1_151' title='bbox 236 2875 351 2936; x_wconf 86' lang='lat' dir='ltr'>citatus</span> <span class='ocrx_word' id='word_1_152' title='bbox 373 2895 438 2938; x_wconf 92' lang='lat' dir='ltr'>non</span> <span class='ocrx_word' id='word_1_153' title='bbox 463 2878 653 2959; x_wconf 89' lang='lat' dir='ltr'>comparuit.</span> 
     </span>
    </p>

    <p class='ocr_par' dir='ltr' id='par_1_15' title="bbox 235 2981 1500 3170">
     <span class='ocr_line' id='line_1_25' title="bbox 340 2981 1500 3066; baseline 0 -24"><span class='ocrx_word' id='word_1_154' title='bbox 340 2981 419 3042; x_wconf 89' lang='lat' dir='ltr'>Item</span> <span class='ocrx_word' id='word_1_155' title='bbox 444 2981 589 3043; x_wconf 86' lang='lat' dir='ltr'>Thomas</span> <span class='ocrx_word' id='word_1_156' title='bbox 612 2982 742 3065; x_wconf 87' lang='lat' dir='ltr'>piliator</span> <span class='ocrx_word' id='word_1_157' title='bbox 765 2996 875 3044; x_wconf 90' lang='lat' dir='ltr'>contra</span> <span class='ocrx_word' id='word_1_158' title='bbox 900 2983 1052 3064; x_wconf 85' lang='lat' dir='ltr'>Egidium</span> <span class='ocrx_word' id='word_1_159' title='bbox 1084 2982 1257 3066; x_wconf 86' lang='lat' dir='ltr'>pellificem</span> <span class='ocrx_word' id='word_1_160' title='bbox 1279 2981 1424 3045; x_wconf 90' lang='lat' dir='ltr'>secundo</span> <span class='ocrx_word' id='word_1_161' title='bbox 1456 2982 1500 3044; x_wconf 93' lang='lat' dir='ltr'>ci·</span> 
     </span>
     <span class='ocr_line' id='line_1_26' title="bbox 235 3088 622 3170; baseline 0.005 -23"><span class='ocrx_word' id='word_1_162' title='bbox 235 3100 318 3147; x_wconf 88' lang='lat' dir='ltr'>tatus</span> <span class='ocrx_word' id='word_1_163' title='bbox 342 3107 407 3148; x_wconf 91' lang='lat' dir='ltr'>non</span> <span class='ocrx_word' id='word_1_164' title='bbox 432 3088 622 3170; x_wconf 88' lang='lat' dir='ltr'>comparuit.</span> 
     </span>
    </p>

    <p class='ocr_par' dir='ltr' id='par_1_16' title="bbox 236 3192 1499 3380">
     <span class='ocr_line' id='line_1_27' title="bbox 342 3192 1499 3257; baseline 0.002 -4"><span class='ocrx_word' id='word_1_165' title='bbox 342 3192 420 3254; x_wconf 92' lang='lat' dir='ltr'>Item</span> <span class='ocrx_word' id='word_1_166' title='bbox 451 3192 577 3254; x_wconf 87' lang='lat' dir='ltr'>Blasius</span> <span class='ocrx_word' id='word_1_167' title='bbox 611 3206 712 3255; x_wconf 87' lang='lat' dir='ltr'>sartor</span> <span class='ocrx_word' id='word_1_168' title='bbox 743 3193 886 3255; x_wconf 91' lang='lat' dir='ltr'>secundo</span> <span class='ocrx_word' id='word_1_169' title='bbox 918 3194 1032 3255; x_wconf 86' lang='lat' dir='ltr'>citatus</span> <span class='ocrx_word' id='word_1_170' title='bbox 1066 3210 1176 3256; x_wconf 91' lang='lat' dir='ltr'>contra</span> <span class='ocrx_word' id='word_1_171' title='bbox 1208 3193 1399 3257; x_wconf 87' lang='lat' dir='ltr'>Michaelem</span> <span class='ocrx_word' id='word_1_172' title='bbox 1432 3212 1499 3255; x_wconf 91' lang='lat' dir='ltr'>non</span> 
     </span>
     <span class='ocr_line' id='line_1_28' title="bbox 236 3292 1202 3380; baseline 0.005 -22"><span class='ocrx_word' id='word_1_173' title='bbox 236 3299 427 3380; x_wconf 90' lang='lat' dir='ltr'>comparuit.</span> <span class='ocrx_word' id='word_1_174' title='bbox 1201 3292 1202 3296; x_wconf 29' lang='lat'>¹</span> 
     </span>
    </p>

    <p class='ocr_par' dir='ltr' id='par_1_17' title="bbox 236 3404 1500 3593">
     <span class='ocr_line' id='line_1_29' title="bbox 343 3404 1500 3486; baseline 0.002 -20"><span class='ocrx_word' id='word_1_175' title='bbox 343 3405 420 3466; x_wconf 88' lang='lat' dir='ltr'>Item</span> <span class='ocrx_word' id='word_1_176' title='bbox 457 3405 581 3467; x_wconf 87' lang='lat' dir='ltr'>Blasius</span> <span class='ocrx_word' id='word_1_177' title='bbox 616 3405 701 3467; x_wconf 91' lang='lat' dir='ltr'>idem</span> <span class='ocrx_word' id='word_1_178' title='bbox 737 3419 847 3467; x_wconf 90' lang='lat' dir='ltr'>contra</span> <span class='ocrx_word' id='word_1_179' title='bbox 883 3404 1060 3486; x_wconf 86' lang='lat' dir='ltr'>Georgium</span> <span class='ocrx_word' id='word_1_180' title='bbox 1104 3406 1245 3468; x_wconf 86' lang='lat' dir='ltr'>secundo</span> <span class='ocrx_word' id='word_1_181' title='bbox 1280 3407 1393 3468; x_wconf 89' lang='lat' dir='ltr'>citatus</span> <span class='ocrx_word' id='word_1_182' title='bbox 1433 3425 1500 3468; x_wconf 90' lang='lat' dir='ltr'>non</span> 
     </span>
     <span class='ocr_line' id='line_1_30' title="bbox 236 3512 480 3593; baseline -0.004 -22"><span class='ocrx_word' id='word_1_183' title='bbox 236 3512 425 3593; x_wconf 89' lang='lat' dir='ltr'>comparuit.</span> <span class='ocrx_word' id='word_1_184' title='bbox 474 3561 480 3570; x_wconf 90' lang='lat'>.</span> 
     </span>
    </p>

    <p class='ocr_par' dir='ltr' id='par_1_18' title="bbox 342 3617 1497 3701">
     <span class='ocr_line' id='line_1_31' title="bbox 342 3617 1497 3701; baseline 0.002 -23"><span class='ocrx_word' id='word_1_185' title='bbox 342 3617 419 3678; x_wconf 90' lang='lat' dir='ltr'>Item</span> <span class='ocrx_word' id='word_1_186' title='bbox 445 3617 556 3680; x_wconf 88' lang='lat' dir='ltr'>Petrus</span> <span class='ocrx_word' id='word_1_187' title='bbox 581 3617 727 3698; x_wconf 90' lang='lat' dir='ltr'>Krapech</span> <span class='ocrx_word' id='word_1_188' title='bbox 752 3630 862 3679; x_wconf 89' lang='lat' dir='ltr'>contra</span> <span class='ocrx_word' id='word_1_189' title='bbox 887 3619 926 3680; x_wconf 92' lang='lat' dir='ltr'>N.</span> <span class='ocrx_word' id='word_1_190' title='bbox 950 3618 1055 3701; x_wconf 90' lang='lat' dir='ltr'>primo</span> <span class='ocrx_word' id='word_1_191' title='bbox 1080 3619 1193 3681; x_wconf 89' lang='lat' dir='ltr'>citatus</span> <span class='ocrx_word' id='word_1_192' title='bbox 1217 3638 1283 3681; x_wconf 91' lang='lat' dir='ltr'>non</span> <span class='ocrx_word' id='word_1_193' title='bbox 1307 3618 1497 3701; x_wconf 89' lang='lat' dir='ltr'>comparuit.</span> 
     </span>
    </p>

    <p class='ocr_par' dir='ltr' id='par_1_19' title="bbox 235 3723 1500 4016">
     <span class='ocr_line' id='line_1_32' title="bbox 341 3723 1498 3807; baseline 0.002 -23"><span class='ocrx_word' id='word_1_194' title='bbox 341 3723 420 3785; x_wconf 91' lang='lat' dir='ltr'>Item</span> <span class='ocrx_word' id='word_1_195' title='bbox 444 3724 469 3784; x_wconf 87' lang='lat' dir='ltr'>si</span> <span class='ocrx_word' id='word_1_196' title='bbox 494 3743 559 3786; x_wconf 95' lang='lat' dir='ltr'>non</span> <span class='ocrx_word' id='word_1_197' title='bbox 584 3738 676 3785; x_wconf 86' lang='lat' dir='ltr'>antea</span> <span class='ocrx_word' id='word_1_198' title='bbox 692 3724 822 3804; x_wconf 84' lang='lat' dir='ltr'>poterit,</span> <span class='ocrx_word' id='word_1_199' title='bbox 847 3738 962 3787; x_wconf 87' lang='lat' dir='ltr'>extunc</span> <span class='ocrx_word' id='word_1_200' title='bbox 980 3744 1081 3806; x_wconf 90' lang='lat' dir='ltr'>usque</span> <span class='ocrx_word' id='word_1_201' title='bbox 1098 3724 1278 3807; x_wconf 89' lang='lat' dir='ltr'>quindenas</span> <span class='ocrx_word' id='word_1_202' title='bbox 1290 3725 1373 3806; x_wconf 90' lang='lat' dir='ltr'>IgIar</span> <span class='ocrx_word' id='word_1_203' title='bbox 1389 3737 1498 3786; x_wconf 89' lang='lat' dir='ltr'>contra</span> 
     </span>
     <span class='ocr_line' id='line_1_33' title="bbox 236 3828 1500 3912; baseline 0.004 -24"><span class='ocrx_word' id='word_1_204' title='bbox 236 3828 399 3909; x_wconf 91' lang='lat' dir='ltr'>quandam</span> <span class='ocrx_word' id='word_1_205' title='bbox 424 3829 593 3891; x_wconf 90' lang='lat' dir='ltr'>mulierem</span> <span class='ocrx_word' id='word_1_206' title='bbox 618 3841 743 3890; x_wconf 91' lang='lat' dir='ltr'>tenetur</span> <span class='ocrx_word' id='word_1_207' title='bbox 766 3843 903 3892; x_wconf 88' lang='lat' dir='ltr'>statuere</span> <span class='ocrx_word' id='word_1_208' title='bbox 939 3831 1114 3911; x_wconf 90' lang='lat' dir='ltr'>quemdam</span> <span class='ocrx_word' id='word_1_209' title='bbox 1138 3851 1194 3892; x_wconf 90' lang='lat' dir='ltr'>seu</span> <span class='ocrx_word' id='word_1_210' title='bbox 1225 3830 1394 3912; x_wconf 84' lang='lat' dir='ltr'>quosdam,</span> <span class='ocrx_word' id='word_1_211' title='bbox 1417 3849 1500 3911; x_wconf 89' lang='lat' dir='ltr'>quos</span> 
     </span>
     <span class='ocr_line' id='line_1_34' title="bbox 235 3933 979 4016; baseline 0.005 -22"><span class='ocrx_word' id='word_1_212' title='bbox 235 3933 413 4015; x_wconf 85' lang='lat' dir='ltr'>inculpavit</span> <span class='ocrx_word' id='word_1_213' title='bbox 435 3933 468 3995; x_wconf 91' lang='lat' dir='ltr'>in</span> <span class='ocrx_word' id='word_1_214' title='bbox 492 3935 678 3996; x_wconf 87' lang='lat' dir='ltr'>verberibus</span> <span class='ocrx_word' id='word_1_215' title='bbox 701 3935 800 4016; x_wconf 87' lang='lat' dir='ltr'>ipsius</span> <span class='ocrx_word' id='word_1_216' title='bbox 823 3936 979 3998; x_wconf 90' lang='lat' dir='ltr'>mulieris.</span> 
     </span>
    </p>
   </div>
   <div class='ocr_carea' id='block_1_3' title="bbox 420 4151 1305 4244">
    <p class='ocr_par' dir='ltr' id='par_1_20' title="bbox 420 4151 1305 4244">
     <span class='ocr_line' id='line_1_35' title="bbox 420 4151 1305 4244; baseline 0.001 -20"><span class='ocrx_word' id='word_1_217' title='bbox 420 4151 515 4224; x_wconf 84' lang='lat' dir='ltr'>Feria</span> <span class='ocrx_word' id='word_1_218' title='bbox 543 4163 642 4225; x_wconf 81' lang='lat' dir='ltr'>sexta</span> <span class='ocrx_word' id='word_1_219' title='bbox 670 4159 825 4244; x_wconf 80' lang='lat' dir='ltr'>proxima</span> <span class='ocrx_word' id='word_1_220' title='bbox 853 4163 930 4244; x_wconf 87' lang='lat' dir='ltr'>post</span> <span class='ocrx_word' id='word_1_221' title='bbox 957 4165 1098 4227; x_wconf 86' lang='lat' dir='ltr'>octavas</span> <span class='ocrx_word' id='word_1_222' title='bbox 1126 4156 1305 4244; x_wconf 87' lang='lat' dir='ltr'>predictas.</span> 
     </span>
    </p>
   </div>
   <div class='ocr_carea' id='block_1_4' title="bbox 762 4310 974 4386">
    <p class='ocr_par' dir='ltr' id='par_1_21' title="bbox 762 4310 974 4386">
     <span class='ocr_line' id='line_1_36' title="bbox 762 4310 974 4386; baseline 0.019 -21"><span class='ocrx_word' id='word_1_223' title='bbox 762 4311 824 4386; x_wconf 77' lang='lat'>(14.</span> <span class='ocrx_word' id='word_1_224' title='bbox 849 4310 974 4386; x_wconf 77' lang='lat' dir='ltr'>aprilis).</span> 
     </span>
    </p>
   </div>
   <div class='ocr_carea' id='block_1_5' title="bbox 236 4446 1499 4847">
    <p class='ocr_par' dir='ltr' id='par_1_22' title="bbox 236 4446 1498 4638">
     <span class='ocr_line' id='line_1_37' title="bbox 340 4446 1498 4531; baseline 0.005 -25"><span class='ocrx_word' id='word_1_225' title='bbox 340 4446 449 4507; x_wconf 91' lang='lat' dir='ltr'>Primo</span> <span class='ocrx_word' id='word_1_226' title='bbox 473 4446 613 4527; x_wconf 92' lang='lat' dir='ltr'>quedam</span> <span class='ocrx_word' id='word_1_227' title='bbox 638 4447 754 4509; x_wconf 90' lang='lat' dir='ltr'>mulier</span> <span class='ocrx_word' id='word_1_228' title='bbox 777 4463 887 4510; x_wconf 90' lang='lat' dir='ltr'>contra</span> <span class='ocrx_word' id='word_1_229' title='bbox 912 4449 951 4511; x_wconf 92' lang='lat' dir='ltr'>N.</span> <span class='ocrx_word' id='word_1_230' title='bbox 984 4448 1196 4511; x_wconf 87' lang='lat' dir='ltr'>Zrebernicha</span> <span class='ocrx_word' id='word_1_231' title='bbox 1228 4463 1342 4512; x_wconf 89' lang='lat' dir='ltr'>octavo</span> <span class='ocrx_word' id='word_1_232' title='bbox 1375 4450 1427 4512; x_wconf 88' lang='lat' dir='ltr'>die</span> <span class='ocrx_word' id='word_1_233' title='bbox 1450 4449 1498 4531; x_wconf 92' lang='lat' dir='ltr'>ju·</span> 
     </span>
     <span class='ocr_line' id='line_1_38' title="bbox 236 4552 1430 4638; baseline 0.005 -25"><span class='ocrx_word' id='word_1_234' title='bbox 236 4552 317 4615; x_wconf 90' lang='lat' dir='ltr'>rabit</span> <span class='ocrx_word' id='word_1_235' title='bbox 341 4572 374 4614; x_wconf 92' lang='lat' dir='ltr'>se</span> <span class='ocrx_word' id='word_1_236' title='bbox 399 4553 494 4614; x_wconf 89' lang='lat' dir='ltr'>tercia</span> <span class='ocrx_word' id='word_1_237' title='bbox 519 4552 607 4634; x_wconf 92' lang='lat' dir='ltr'>quod</span> <span class='ocrx_word' id='word_1_238' title='bbox 632 4572 765 4614; x_wconf 85' lang='lat' dir='ltr'>uxorem</span> <span class='ocrx_word' id='word_1_239' title='bbox 789 4574 879 4615; x_wconf 88' lang='lat' dir='ltr'>suam</span> <span class='ocrx_word' id='word_1_240' title='bbox 904 4575 968 4617; x_wconf 94' lang='lat' dir='ltr'>non</span> <span class='ocrx_word' id='word_1_241' title='bbox 1001 4557 1128 4617; x_wconf 90' lang='lat' dir='ltr'>truserit</span> <span class='ocrx_word' id='word_1_242' title='bbox 1151 4575 1209 4618; x_wconf 89' lang='lat' dir='ltr'>nec</span> <span class='ocrx_word' id='word_1_243' title='bbox 1232 4557 1430 4638; x_wconf 87' lang='lat' dir='ltr'>percusserit.</span> 
     </span>
    </p>

    <p class='ocr_par' dir='ltr' id='par_1_23' title="bbox 238 4657 1499 4847">
     <span class='ocr_line' id='line_1_39' title="bbox 341 4657 1499 4744; baseline 0.004 -25"><span class='ocrx_word' id='word_1_244' title='bbox 341 4658 420 4720; x_wconf 88' lang='lat' dir='ltr'>Item</span> <span class='ocrx_word' id='word_1_245' title='bbox 444 4657 562 4740; x_wconf 86' lang='lat' dir='ltr'>(causa)</span> <span class='ocrx_word' id='word_1_246' title='bbox 586 4658 710 4720; x_wconf 91' lang='lat' dir='ltr'>Henrih</span> <span class='ocrx_word' id='word_1_247' title='bbox 735 4658 881 4741; x_wconf 86' lang='lat' dir='ltr'>pellificis</span> <span class='ocrx_word' id='word_1_248' title='bbox 906 4676 936 4721; x_wconf 92' lang='lat' dir='ltr'>et</span> <span class='ocrx_word' id='word_1_249' title='bbox 960 4660 1036 4722; x_wconf 90' lang='lat' dir='ltr'>luan</span> <span class='ocrx_word' id='word_1_250' title='bbox 1062 4662 1182 4744; x_wconf 88' lang='lat' dir='ltr'>boynik</span> <span class='ocrx_word' id='word_1_251' title='bbox 1207 4675 1253 4723; x_wconf 92' lang='lat' dir='ltr'>est</span> <span class='ocrx_word' id='word_1_252' title='bbox 1269 4662 1309 4724; x_wconf 89' lang='lat' dir='ltr'>ad</span> <span class='ocrx_word' id='word_1_253' title='bbox 1333 4676 1406 4725; x_wconf 91' lang='lat' dir='ltr'>octo</span> <span class='ocrx_word' id='word_1_254' title='bbox 1430 4662 1499 4725; x_wconf 91' lang='lat' dir='ltr'>dies</span> 
     </span>
     <span class='ocr_line' id='line_1_40' title="bbox 238 4763 618 4847; baseline 0.008 -23"><span class='ocrx_word' id='word_1_255' title='bbox 238 4763 277 4825; x_wconf 93' lang='lat' dir='ltr'>ad</span> <span class='ocrx_word' id='word_1_256' title='bbox 301 4784 414 4847; x_wconf 89' lang='lat' dir='ltr'>pacem</span> <span class='ocrx_word' id='word_1_257' title='bbox 437 4779 618 4847; x_wconf 89' lang='lat' dir='ltr'>prorogata.</span> 
     </span>
    </p>
   </div>
   <div class='ocr_carea' id='block_1_6' title="bbox 0 0 1748 5250">
    <p class='ocr_par' dir='ltr' id='par_1_24' title="bbox 0 0 1748 5250">
     <span class='ocr_line' id='line_1_41' title="bbox 0 0 1748 5250; baseline 0 0"><span class='ocrx_word' id='word_1_258' title='bbox 0 0 1748 5250; x_wconf 95' lang='lat' dir='ltr'> </span> 
     </span>
    </p>
   </div>
  </div>
 </body>
</html>
