3488 5250
644 310 844 388 Anno1362.
869 345 912 355 —
935 326 987 388 29.
1012 314 1125 386 apn'lis.

361 522 437 583 Item
465 542 559 583 causa
584 522 683 603 ipsius
707 520 829 582 domini
858 521 987 583 lectoris
1014 535 1144 603 propter
1167 521 1349 583 absenciam
1373 519 1516 601 judicum

252 628 459 708 antiquorum
484 628 631 689 similiter
654 627 695 689 ad
719 641 792 689 octo
817 627 885 688 dies
909 641 955 689 est
978 640 1158 709 prorogata.

358 733 436 793 Item
469 734 626 795 MartInus
657 733 818 794 Denketin
859 747 968 793 contra
1007 734 1135 793 Petrum
1167 732 1272 814 primo
1304 731 1416 793 citatus
1451 751 1517 793 non

251 841 442 920 comparuit.

361 945 437 1006 Item
463 958 576 1006 octavo
597 945 649 1007 die
674 944 829 1006 Salomon
847 958 956 1005 contra
981 944 1136 1005 Jacobum
1154 942 1287 1005 Cossme
1312 963 1367 1025 per
1384 943 1516 1026 Vydech

250 1063 283 1110 et
306 1051 444 1112 Krusam
469 1050 689 1112 testimonium
707 1048 885 1131 producere
910 1048 1005 1110 debet
1021 1069 1117 1130 super
1141 1067 1191 1126 eo,
1216 1049 1304 1129 quod
1329 1048 1431 1110 filium
1449 1049 1517 1110 eius

251 1174 316 1217 non
343 1158 548 1217 verberasset.

358 1262 436 1323 Item
462 1263 572 1322 Maren
597 1274 706 1322 contra
732 1260 837 1321 Eliam
860 1262 1001 1322 secundo
1026 1261 1139 1323 citatus
1163 1280 1228 1322 non
1252 1261 1441 1341 comparuit.

359 1368 437 1428 Item
462 1366 593 1428 Kokoth
617 1381 727 1427 contra
752 1368 841 1428 Benk
873 1367 912 1426 ad
937 1380 1010 1427 octo
1035 1367 1102 1428 dies
1134 1367 1253 1448 recepit
1276 1367 1450 1428 terminum
1475 1366 1514 1427 ad

251 1472 524 1554 respondendum.

359 1579 436 1640 Item
450 1578 575 1639 Blasius
588 1590 697 1638 contra
711 1576 839 1639 fratrem
854 1597 947 1638 suum
961 1577 1103 1639 secundo
1122 1577 1236 1639 citatus
1249 1597 1313 1638 non
1327 1580 1515 1660 comparuit.

359 1685 436 1746 Item
472 1685 635 1765 Jurglinus
665 1703 723 1765 pro
756 1703 788 1744 se
818 1696 848 1744 et
879 1681 1001 1744 famulo
1033 1701 1091 1744 suo
1124 1697 1233 1744 contra
1265 1683 1444 1746 Iohannem
1476 1686 1516 1746 ad

251 1803 325 1850 octo
351 1789 418 1851 dies
442 1791 561 1871 recepit
584 1790 756 1851 termInum
781 1790 821 1850 ad
846 1788 1118 1870 respondendum.

357 1897 435 1957 Item
460 1896 591 1976 Dragun
616 1910 725 1956 contra
750 1896 825 1956 Iuan
850 1895 955 1976 primo
980 1895 1092 1956 citatus
1116 1914 1181 1955 non
1206 1896 1394 1977 comparuit.

357 2002 434 2062 Item
460 2016 573 2063 octavo
598 2002 650 2063 die
676 2001 782 2064 Endre
807 2001 1016 2063 stacionarius
1048 2014 1159 2061 contra
1188 2000 1299 2061 Kuder
1324 2002 1420 2062 debet
1446 2022 1514 2083 pre-

250 2119 332 2168 stare
357 2121 601 2170 sacramentum.

357 2214 436 2275 Item
460 2215 636 2297 Janzlynus
664 2229 772 2275 contre
805 2214 904 2274 Jurko
936 2212 976 2273 ad
1000 2226 1073 2274 octo
1098 2212 1165 2273 dies
1198 2213 1317 2294 recepit
1340 2213 1514 2274 terminum

251 2319 291 2380 ad
317 2320 590 2401 respondendum.

357 2426 435 2486 Item
459 2425 642 2511 Demetrius
666 2437 823 2485 mercator
847 2425 945 2485 tercio
976 2425 1090 2486 citatus
1114 2438 1223 2486 contra
1255 2425 1418 2486 Andream
1450 2446 1514 2487 non

251 2530 441 2611 comparuit.

357 2636 434 2698 Item
460 2635 605 2697 Cernech
623 2636 768 2717 Betrisyn
794 2650 908 2697 octavo
933 2635 984 2695 die
1008 2635 1075 2696 sine
1100 2636 1270 2697 intervallo
1294 2636 1389 2697 debet
1405 2651 1515 2699 contra

252 2740 352 2802 Pethk
376 2741 531 2822 quasdam
556 2742 676 2801 litteras
699 2761 794 2822 super
820 2741 912 2802 vinea
938 2740 1096 2802 exhibere.

357 2847 434 2908 Item
460 2846 572 2908 Crisan
598 2861 707 2908 contra
732 2846 869 2928 Mykech
888 2847 1030 2908 secundo
1055 2847 1168 2908 citatus
1192 2868 1257 2909 non
1282 2849 1470 2929 comparuit.

357 2953 434 3012 Item
459 2951 575 3013 domus
599 2953 731 3013 Marketi
765 2951 916 3013 aurifabri
942 2971 1014 3013 cum
1048 2952 1204 3013 unIversis
1235 2953 1300 3013 suis
1324 2954 1515 3015 utilitatibus

251 3057 338 3119 iuxta
360 3058 599 3118 continenciam
623 3057 800 3120 litterarum
832 3057 1096 3138 obligatoriarum
1118 3072 1300 3119 nostrarum
1331 3078 1389 3140 pro
1415 3059 1514 3120 Paulo

251 3165 388 3224 condam
421 3164 577 3224 vicebano
609 3162 826 3225 confectarum
858 3182 916 3244 pro
951 3162 1037 3224 CLX
1071 3162 1214 3242 florenis,
1240 3163 1271 3225 in
1304 3164 1380 3244 ipsis
1403 3164 1515 3226 litteris

251 3270 420 3346 contentis,
445 3283 492 3330 est
515 3282 629 3330 statuta
654 3269 713 3350 ipsi
739 3269 840 3330 Paulo
865 3270 949 3329 bano
971 3266 1052 3329 infra
1077 3268 1257 3349 quindenas
1288 3270 1514 3349 remdimendi,
1597 3344 1600 3348 p

252 3375 307 3456 qui
332 3376 357 3435 si
382 3376 414 3435 in
446 3374 617 3455 quindenis
651 3374 764 3435 redimi
797 3394 862 3435 non
892 3374 1008 3455 poterit
1031 3393 1087 3455 per
1118 3374 1268 3453 eundem,
1301 3376 1386 3437 iuxta
1418 3376 1515 3437 series

251 3480 392 3562 ipsarum
416 3481 593 3541 litterarum
618 3480 859 3542 confirmabitur
883 3495 1037 3561 perpetuo
1066 3481 1200 3542 domiuo
1226 3482 1326 3543 Paulo
1352 3485 1434 3544 bano
1460 3502 1514 3543 an·

252 3600 381 3663 notato;
406 3586 569 3668 prohibuit
593 3601 700 3648 tamen
725 3587 810 3648 idem
828 3587 946 3647 Paulus
971 3588 1072 3647 banus
1096 3587 1273 3667 quemlibet
1297 3608 1314 3648 a
1338 3589 1514 3649 mutuanda

250 3692 311 3773 ipsi
337 3694 481 3753 Marketo
505 3694 640 3773 pecunia
664 3693 843 3775 supradicta
866 3693 975 3772 vigore
999 3693 1175 3754 litterarum
1200 3692 1406 3774 prefatorum.
1442 3752 1444 3754 ,

358 3797 436 3860 Item
461 3811 575 3859 octavo
600 3798 652 3859 die
677 3798 721 3859 St.
746 3797 830 3859 filius
855 3796 999 3859 Cernech
1033 3811 1142 3859 contra
1167 3799 1275 3880 Matey
1307 3798 1410 3859 filium
1432 3801 1514 3882 Ley-

250 3903 340 3986 poldi
365 3905 557 3966 sesecundo
574 3903 690 3984 jurabit
707 3904 794 3985 quod
813 3905 932 3984 absque
950 3904 1042 3985 culpa
1064 3924 1120 3984 per
1139 3905 1242 3986 ipsum
1259 3906 1299 3966 sit
1317 3905 1512 3968 vulneratus.

357 4010 433 4071 Item
463 4010 574 4071 Petrus
606 4012 737 4088 Pruner,
769 4023 871 4072 mater
895 4022 926 4070 et
949 4029 1040 4071 soror
1070 4010 1178 4090 ipsIus,
1211 4010 1347 4091 quilibet
1370 4011 1514 4093 ipsorum

252 4127 361 4175 contre
384 4116 423 4178 N.
448 4114 644 4176 aurifabrum
669 4136 701 4177 se
718 4131 824 4176 sextus
848 4115 1028 4195 juramento
1045 4117 1206 4177 mediante
1225 4116 1320 4177 debet
1342 4137 1375 4194 se
1401 4137 1514 4199 expur-

251 4239 327 4301 gare
352 4234 465 4281 octavo
491 4221 553 4282 die.

357 4326 434 4388 Item
460 4328 616 4388 Martinus
639 4328 763 4409 Reanz
788 4341 898 4388 contra
922 4326 1064 4388 relictam
1082 4327 1165 4389 Petri
1191 4342 1304 4389 octavo
1329 4329 1380 4390 die
1399 4344 1513 4410 quarto

251 4451 285 4492 se
310 4432 453 4512 personis
478 4433 573 4494 debet
597 4432 759 4514 deponere
784 4431 998 4512 juramentum
1015 4453 1111 4514 super
1134 4453 1183 4511 eo,
1209 4433 1297 4514 quod
1322 4434 1465 4496 balteum
1483 4448 1514 4496 et

251 4537 349 4600 cilum
372 4540 429 4600 XL
454 4539 522 4602 flor.
547 4539 691 4601 valencia
716 4559 781 4600 non
806 4539 968 4600 habuisset
992 4559 1009 4598 a
1033 4539 1127 4600 Petro
1152 4553 1341 4601 memorato.

358 4644 433 4705 Item
458 4644 543 4705 filius
567 4645 739 4726 Dampiani
761 4665 796 4706 se
811 4644 927 4705 tercius
950 4657 1064 4705 octavo
1088 4644 1141 4706 die
1158 4643 1254 4706 debet
1276 4664 1309 4706 se
1333 4644 1513 4726 juramento

252 4745 416 4810 mediante
440 4768 626 4831 expurgare.
