3488 5250
256 352 314 415 ¹90
614 333 700 390 Anno
722 327 815 407 1360.
838 359 881 372 -
905 326 937 390 ό.
960 325 1131 392 novembres.

355 543 432 605 Item
468 542 546 604 feria
577 555 663 604 sexta
695 539 776 603 infra
808 554 881 603 octo
913 540 981 603 dies
1013 540 1173 622 Georgius
1205 542 1363 623 Ztaunigh
1396 542 1514 624 jurabit

252 670 417 732 supereo,
443 649 530 730 quod
564 649 681 710 vulnus
712 667 806 729 super
838 666 968 709 manum
1000 667 1091 709 suam
1115 667 1171 730 per
1202 648 1279 709 iuan
1302 648 1362 710 sibi
1386 648 1513 711 illatum

252 757 414 818 extitisset.

357 862 434 923 Item
459 859 605 923 Cernech
629 880 745 943 parvus
761 872 871 922 contra
895 859 1000 921 Vanse
1016 858 1197 923 camificem
1214 861 1247 923 in
1263 862 1369 944 primo
1392 861 1514 941 judicio

253 987 317 1029 non
343 968 439 1030 venit.

357 1074 434 1135 Item
459 1072 537 1134 feria
561 1085 645 1133 sexta
671 1071 711 1132 ad
736 1086 808 1134 octo
833 1071 900 1134 dies
924 1073 1069 1135 Andreas
1085 1071 1180 1135 frater
1205 1072 1340 1136 Guerini
1364 1093 1439 1136 curn
1456 1074 1512 1136 Ni·

251 1179 343 1241 colao
379 1179 493 1240 marito
518 1178 626 1239 relicte
651 1179 761 1240 Jacobi
786 1177 921 1240 condam
951 1179 1115 1241 camerarii
1139 1194 1170 1240 et
1194 1180 1283 1242 Rade
1308 1181 1445 1242 condam
1469 1180 1514 1241 f·

251 1285 340 1346 mulo
365 1284 510 1346 Paladini
534 1297 644 1345 contra
668 1283 770 1346 filium
796 1283 925 1368 Gyouta
949 1288 1157 1368 comprobare
1180 1300 1317 1366 tenetur,
1341 1288 1429 1370 quod
1447 1288 1514 1370 ipse

251 1410 325 1452 eum
351 1388 515 1458 infidelem
540 1402 570 1451 et
593 1389 793 1472 proditorem
817 1390 952 1452 civitatis
976 1411 1049 1453 eum
1075 1392 1213 1454 dixisset.

357 1496 434 1557 Item
472 1496 583 1557 Petras
617 1496 765 1558 venditor
807 1497 881 1559 salis
921 1511 1030 1559 contra
1065 1498 1149 1561 iwan
1187 1499 1219 1561 in
1254 1499 1359 1581 primo
1395 1499 1515 1583 judicio

252 1621 317 1663 non
341 1602 438 1664 venit.

357 1708 434 1770 Item
461 1707 493 1768 in
516 1708 619 1790 prima
644 1708 798 1769 citatione
823 1707 987 1770 Brichcius
1011 1723 1120 1772 contra
1145 1710 1308 1773 Andream
1334 1731 1399 1773 non
1416 1711 1514 1774 venit.

356 1813 433 1875 Item
458 1813 498 1874 ad
523 1824 596 1876 octo
621 1813 689 1875 dies
705 1814 841 1895 Artuigh
858 1828 968 1877 contra
992 1815 1151 1878 Jancbech
1169 1815 1366 1878 aurifabrum
1384 1837 1515 1899 respon·

251 1920 327 1981 dere
351 1933 486 1983 tenetur.

357 2025 435 2086 Item
460 2025 622 2087 Johannes
645 2038 772 2106 parator
795 2024 959 2088 frenorum
981 2041 1091 2091 contra
1115 2028 1234 2090 Trosth
1260 2028 1386 2091 fabrum
1409 2028 1515 2110 primo

252 2132 365 2193 citatus
389 2150 454 2192 non
479 2131 668 2212 comparuit.

359 2241 436 2302 Item
461 2237 537 2300 feria
562 2252 649 2301 sexta
678 2240 719 2302 ad
750 2253 823 2302 octo
847 2239 915 2302 dies
947 2241 1090 2303 Kussiilo
1115 2255 1223 2302 contra
1256 2241 1391 2302 Paulum
1416 2241 1515 2302 tercio

252 2368 284 2408 se
306 2346 485 2427 juramento
503 2345 702 2426 expurgabit,
726 2346 814 2427 quod
835 2346 902 2428 ipse
927 2347 1069 2408 Kussillo
1086 2347 1118 2407 in
1142 2347 1298 2407 emisione
1323 2345 1465 2406 mantelli
1485 2358 1516 2405 et

256 2452 362 2514 bicelli
388 2451 486 2533 ipsius
511 2450 600 2511 Pauli
626 2450 780 2513 innocens
803 2466 885 2513 esset
909 2453 1036 2534 penitus
1059 2465 1089 2514 et
1113 2451 1263 2513 inmunis.

359 2559 436 2619 ltem
461 2555 540 2617 Wlk
565 2556 783 2618 molendarius
807 2570 916 2619 contra
933 2558 1104 2619 Nicolaum
1129 2557 1272 2619 Baboieb
1296 2557 1429 2618 testibus
1446 2555 1514 2617 ido-

254 2663 322 2725 neis
346 2661 579 2743 comprobavit,
604 2661 692 2743 quod
723 2663 789 2744 ipse
820 2663 973 2725 Nicolaus
1004 2676 1185 2725 consortem
1217 2663 1317 2744 ipsius
1340 2662 1419 2723 Wlk
1450 2674 1514 2722 tur-

253 2769 335 2851 piter
366 2767 571 2850 percussisset
602 2781 633 2828 et
663 2768 887 2850 vituperasset;
920 2769 993 2830 ideo
1026 2769 1148 2850 judices
1180 2768 1410 2830 commiserunt
1440 2785 1515 2828 eum

253 2888 364 2937 contra
389 2875 493 2955 ipsum
519 2872 580 2934 Vlk
604 2872 636 2935 in
666 2873 791 2936 duabus
822 2876 936 2936 marcis
959 2889 989 2938 et
1013 2876 1045 2936 in
1079 2875 1185 2937 media
1219 2894 1323 2935 marca
1348 2873 1445 2953 judici
1470 2885 1516 2933 est

253 2980 446 3042 convictum.

358 3086 436 3147 Item
458 3106 551 3148 causa
577 3087 659 3167 Spez
683 3084 723 3147 ad
747 3098 820 3148 octo
845 3086 913 3147 dies
936 3086 976 3147 ad
1002 3106 1112 3168 pacem
1138 3100 1184 3148 est
1209 3099 1387 3168 prorogata.

360 3192 437 3254 Item
463 3191 540 3254 feria
564 3193 660 3254 t‘ercia
693 3193 838 3274 proxime
870 3205 1002 3255 ventura
1035 3194 1200 3255 Emericus
1230 3192 1380 3270 carnifex,
1406 3193 1514 3253 Macen

254 3298 347 3381 jurati
371 3318 466 3380 super
489 3299 589 3360 tribus
613 3298 720 3380 pensis
744 3298 942 3360 voluntatem
965 3300 1150 3361 adinvenire
1174 3313 1311 3362 tenetur.

361 3404 438 3466 Item
474 3403 552 3465 feria
586 3407 682 3466 tercia
717 3405 861 3485 proxime
896 3419 1030 3466 ventura
1066 3406 1177 3467 Petrus
1213 3406 1372 3466 Barbacus
1406 3417 1515 3466 contra

255 3509 380 3571 Mikech
411 3508 514 3571 filium
546 3510 704 3572 Leonardi
737 3510 845 3572 or'nnia
878 3510 1087 3572 instrumenta
1122 3511 1274 3573 litteraria
1303 3530 1397 3592 super
1431 3509 1514 3572 facto

254 3615 371 3678 domus
394 3636 450 3678 sue
474 3614 618 3679 confecta
642 3636 749 3678 coram
773 3616 866 3678 nobis
889 3616 1038 3679 exhibere
1062 3630 1197 3681 tenetur.

296 3834 391 3914 Nota.
420 3836 506 3925 quod
534 3836 620 3908 feria
648 3843 746 3908 sexta
774 3840 928 3926 proxima
956 3845 1033 3927 post
1060 3837 1183 3909 festum
1212 3839 1301 3909 beati
1331 3838 1471 3909 Emerici

785 3962 998 4033 confessoris.

763 4111 808 4191 (6.
831 4115 1009 4190 novembris).

360 4252 468 4313 Primo
493 4253 568 4333 quia
591 4243 700 4315 sOcrus
717 4252 875 4314 Crizozlai
902 4251 1079 4334 Georgium
1095 4254 1269 4315 litteratum
1294 4254 1414 4316 dictum
1434 4254 1515 4316 Juha

254 4358 456 4440 vituperavit,
480 4371 511 4419 et
535 4357 649 4418 exinde
672 4359 857 4420 testimonio
883 4357 941 4419 fuit
969 4360 1114 4421 convicta
1137 4357 1312 4439 fidedigno,
1339 4361 1412 4421 ideo
1439 4380 1515 4421 con·

255 4465 337 4526 victa
361 4478 407 4526 est
432 4464 470 4525 in·
488 4465 613 4525 duabus
637 4465 750 4527 marcis
774 4479 805 4526 et
825 4465 858 4524 in
883 4464 989 4526 media
1007 4484 1064 4547 pro
1080 4465 1185 4546 judice
1210 4485 1310 4547 usque
1336 4466 1516 4548 quindenas

255 4569 408 4631 solutura.

257 4698 261 4710 ¹
361 4675 439 4736 Item
463 4675 567 4755 primo
591 4674 711 4757 judicio
735 4676 890 4738 adventus
918 4675 1042 4738 domini
1067 4676 1193 4739 Mikech
1216 4677 1273 4739 filii
1299 4677 1457 4739 Francisci
1482 4679 1515 4739 in

255 4779 455 4862 Zagrabiam,
478 4779 562 4842 filius
590 4780 723 4844 Gonche
756 4795 866 4845 contra
890 4782 1053 4845 Andream
1077 4783 1115 4844 de
1149 4783 1273 4866 Spinal,
1296 4804 1353 4866 per
1376 4784 1516 4847 eundem
