3488 5250
652 351 741 410 Anno
762 349 854 430 1360.
879 387 921 396 —
946 350 977 416 8.
1000 353 1084 417 mait'.
1441 356 1502 438 167

345 558 424 621 Item
449 579 629 642 causaque
654 561 787 624 vertitur
819 563 901 624 inter
932 562 1133 646 Mychaelem
1167 564 1267 627 Saffar
1291 579 1322 627 et
1345 566 1502 627 Iacobum

240 666 316 727 Kun
340 667 380 728 ad
405 679 478 730 octo
503 667 572 730 dles
594 668 634 729 ad
659 689 772 751 pacem
796 682 842 732 est
866 684 1047 752 prorogata.

348 791 425 853 Item
449 806 563 854 octavo
594 792 645 854 die
669 793 781 855 Petrus
812 793 932 855 Donati
963 814 1019 876 per
1044 793 1250 856 Bartucbium
1281 794 1502 856 testimonium

240 910 351 960 contra
374 899 502 961 Petrum
528 900 623 960 Zolar
640 913 671 961 et
695 899 740 962 St.
759 899 898 984 Saluycb
914 899 1093 982 producere
1110 900 1205 962 debet
1227 920 1322 983 super
1346 919 1396 979 eo,
1413 899 1500 982 quod

239 1017 345 1066 ortum
370 1024 464 1066 suum
488 1018 614 1088 septum
646 1005 706 1067 sibi
739 1005 920 1088 relinquere
954 1006 1126 1085 debuisset,
1157 1007 1283 1090 ipsique
1309 1025 1366 1091 per
1390 1006 1502 1068 Domi·

238 1108 347 1171 nicum
371 1123 403 1172 et
426 1111 623 1173 Domianum
648 1111 687 1172 de
711 1111 796 1194 Vgra
829 1112 945 1174 eodem
971 1112 1023 1175 die
1054 1126 1184 1175 econtra
1213 1111 1382 1175 testificare
1405 1113 1500 1175 debe·

239 1215 329 1293 bunt,
354 1215 442 1297 quod
466 1216 572 1278 solum
594 1217 694 1279 semel
719 1218 825 1301 ipsum
850 1231 958 1280 ortum
980 1219 1084 1301 sepire
1109 1219 1279 1281 debebant.

397 1452 491 1540 Nota,
519 1453 606 1543 qnod
635 1456 669 1525 in
697 1454 783 1528 festo
806 1455 897 1529 beati
926 1457 1098 1530 Michaelis
1127 1459 1366 1548 apparitionIs.

787 1622 833 1703 (8.
855 1626 946 1697 mari).

345 1780 452 1842 PrImo
476 1781 593 1843 muller
616 1782 724 1844 Petres
747 1783 865 1865 loripes
889 1783 921 1844 in
946 1803 1009 1866 qua
1025 1785 1265 1867 vituperacione
1289 1798 1400 1847 contra
1416 1786 1499 1847 Mar·

239 1885 404 1968 garetham
430 1887 547 1949 dictam
572 1888 778 1950 Brodaricam
810 1889 899 1951 litem
931 1903 1096 1969 struxerat,
1119 1890 1151 1951 in
1181 1889 1242 1952 hoc
1265 1910 1322 1973 per
1352 1889 1500 1952 homines

240 1994 360 2075 probos
383 1994 423 2055 ad
447 2014 558 2077 pacem
591 1995 791 2058 devenerunt
820 1996 876 2058 tali
908 1995 1018 2075 modo,
1051 1996 1139 2079 quod
1163 1995 1261 2077 judici
1292 1996 1388 2058 debet
1410 1997 1499 2059 satis·

239 2097 342 2161 lacere
367 2113 398 2161 et
421 2100 523 2161 eciam
548 2101 730 2162 meretrices
761 2121 826 2163 non
858 2121 982 2164 servare
1015 2103 1047 2163 in
1073 2101 1171 2164 domo
1203 2121 1270 2180 sua,
1295 2102 1326 2162 in
1351 2101 1390 2163 de
1414 2121 1498 2184 pena

238 2218 268 2267 et
292 2204 331 2265 de
356 2206 439 2266 birsa
464 2219 494 2268 et
518 2205 618 2268 eciam
643 2206 668 2268 si
693 2207 771 2269 alias
794 2208 952 2270 invenerit
975 2228 1019 2286 se,
1044 2221 1120 2270 tunc
1145 2208 1177 2268 in
1202 2207 1321 2289 lingua.

345 2311 423 2372 Item
441 2311 536 2374 debet
551 2312 718 2375 testificare
735 2313 1012 2386 Nicolauscontra
1030 2314 1107 2376 Iuan
1125 2333 1198 2375 cum
1215 2314 1309 2375 Petro
1322 2312 1498 2396 Valteryni.

342 2416 420 2478 Item
443 2417 556 2480 citatus
587 2418 724 2482 Michael
759 2419 848 2482 faber
879 2433 988 2482 contra
1012 2421 1177 2503 Volynum
1209 2418 1403 2502 respondere
1437 2420 1497 2481 sibi

237 2523 357 2604 recepit
379 2543 480 2606 usque
504 2539 651 2587 octavas„

342 2629 419 2691 Item
443 2630 533 2692 litem
557 2650 619 2713 que
644 2631 775 2693 vertitur
799 2632 881 2694 inter
905 2633 1034 2695 Petrum
1073 2651 1207 2715 parvum
1232 2645 1342 2694 contra
1366 2632 1497 2695 Petrum

237 2734 331 2796 Zolar
354 2736 474 2819 recepit
496 2735 537 2798 ad
567 2757 676 2820 pacem
702 2737 892 2800 Bartucbius
916 2752 947 2801 et
970 2739 1146 2801 Damianus
1169 2758 1270 2821 usque
1294 2751 1431 2802 octavas.

343 2860 420 2922 Item
446 2861 541 2923 debet
565 2862 725 2924 Fabianus
754 2876 843 2924 sutor
873 2878 983 2926 contra
1016 2862 1207 2925 Michaelem
1239 2875 1380 2924 sutorem
1411 2864 1497 2925 testi-

237 2964 382 3028 monium
408 2967 584 3049 producere
609 2969 707 3030 Janez
731 2968 871 3030 decanus
895 2984 1021 3031 etcum
1050 2970 1200 3049 Dragona
1224 2987 1326 3050 usque
1350 2968 1496 3030 eamdem

236 3084 357 3133 sextam
377 3070 500 3136 ferlam.

341 3177 420 3240 Item
443 3178 539 3241 debet
562 3180 698 3262 Artuigh
721 3179 826 3260 jurare
841 3195 951 3243 contra
975 3181 1094 3241 Bernar
1114 3194 1202 3241 sexta
1218 3178 1295 3241 feria
1320 3199 1404 3241 nunc
1421 3200 1497 3242 ven·

234 3295 306 3345 tura
330 3285 363 3345 in
387 3285 575 3366 aliqualibet
599 3299 630 3347 et
654 3285 749 3348 debet
772 3287 831 3348 sibi
855 3287 1045 3368 persolvere.

344 3390 422 3452 Item
446 3392 551 3474 prImo
576 3392 718 3454 Briccius
741 3393 854 3455 citatus
878 3406 988 3454 contra
1022 3391 1151 3454 fratrem
1183 3392 1361 3454 Iohannem
1385 3412 1496 3454 mona-

236 3493 332 3557 chum
357 3516 422 3558 non
446 3499 634 3580 comparuit.

341 3601 418 3665 Item
442 3584 630 3685 causaque
662 3607 843 3667 vertebatur
874 3606 955 3667 inter
987 3606 1165 3668 Francham
1197 3618 1228 3666 et
1254 3606 1425 3667 Nicolaum
1450 3620 1496 3668 est

235 3722 360 3790 recepta
384 3709 424 3771 ad
448 3730 561 3792 pacem
585 3731 687 3794 usque
712 3711 751 3773 ad
776 3724 896 3773 sextam
920 3710 1032 3773 leriam
1058 3732 1143 3773 nunc
1166 3724 1344 3774 venturam.

341 3834 419 3896 Item
444 3855 536 3897 causa
569 3855 632 3916 que
664 3837 796 3898 vertitur
820 3836 901 3898 inter
929 3838 1104 3899 Iurkonem
1135 3838 1227 3919 piuar
1256 3850 1287 3898 et
1311 3836 1494 3899 Cristanum

236 3953 282 4001 est
306 3955 430 4022 recepta
455 3941 494 4002 ad
519 3961 631 4023 pacem
653 3962 754 4024 usque
777 3956 897 4004 sextam
922 3942 1032 4003 leriam
1058 3960 1143 4004 nunc
1167 3957 1345 4006 venturam.

340 4046 417 4107 Itern
442 4047 588 4109 Andreas
617 4046 758 4110 frenator
790 4062 900 4110 contra
931 4049 1067 4110 Paulum
1100 4048 1220 4110 dictum
1245 4046 1494 4111 Chessanicham

234 4154 338 4236 prImo
363 4153 475 4215 citatus
497 4173 562 4215 non
588 4156 776 4236 comparuit.

339 4260 422 4320 Nota
436 4259 523 4340 quod
538 4260 750 4322 communitas
763 4261 875 4339 voluit,
888 4260 976 4341 quod
989 4260 1098 4322 nullus
1110 4271 1349 4342 presumapmat
1361 4257 1493 4320 bladum

234 4364 438 4428 extraducere
462 4386 557 4448 super
581 4367 672 4448 equis
696 4387 754 4429 nec
779 4368 811 4428 ln
835 4387 940 4429 curru.

340 4472 417 4533 Item
441 4472 559 4533 Paulus
582 4487 671 4535 sutor
706 4488 816 4534 contra
850 4472 1029 4534 Iohannem
1052 4485 1205 4533 sartorem
1237 4471 1334 4533 debet
1363 4491 1494 4553 respon·

234 4576 309 4640 dere
333 4590 420 4639 sexta
444 4576 522 4639 feria
546 4597 631 4639 nunc
655 4591 800 4641 ventura.

340 4702 418 4764 Item
443 4705 570 4784 Agnesa
603 4703 729 4780 mulier,
759 4722 822 4783 que
854 4722 947 4764 causa
978 4702 1159 4764 vertebatur
1191 4701 1273 4763 inter
1303 4700 1439 4763 eandem
1463 4712 1494 4763 et

235 4807 335 4870 Zuich
353 4822 399 4870 est
415 4821 585 4891 prorogata
607 4809 647 4872 ad
664 4829 776 4892 pacem
794 4828 895 4891 usque
916 4823 1036 4871 sextam
1065 4807 1175 4871 leriam
1203 4828 1288 4871 nunc
1315 4822 1492 4872 venturam.
