3488 5250
611 345 811 426 Anno1365.
837 382 877 393 -
901 361 951 426 27.
975 349 1105 411 octobris.
1439 367 1502 430 347

342 558 422 621 Item
446 557 574 621 Mikech
597 557 684 620 tilius
707 558 836 620 Martini
860 558 894 621 in
918 559 1093 640 quindenis
1122 573 1247 620 tenetur
1270 558 1393 621 solvere
1418 560 1501 621 Mar·

236 664 305 726 tino
329 662 396 726 filio
420 663 577 725 Anthonii
593 664 713 726 XXXII
730 663 870 727 florenos
893 665 960 726 sine
975 664 1084 746 aliqua
1108 664 1279 743 dilacione,
1301 685 1384 746 quos
1399 664 1500 727 eciam

237 787 345 832 coram
369 770 465 832 nobis
487 769 528 831 ad
552 788 642 831 suam
672 768 906 832 conscienciam
937 771 1057 855 recepit
1089 785 1123 832 ut
1146 771 1251 832 eidem
1282 790 1376 853 supra
1409 769 1502 832 dictis

237 873 367 938 florenis
390 875 516 938 debitor
539 888 621 938 esset
644 890 676 937 et
698 895 763 938 non
788 877 904 939 minus.

342 980 420 1042 Item
451 981 606 1042 Analinus
637 994 746 1043 contra
770 981 856 1045 Ivtan
887 981 1045 1045 famulum
1077 981 1176 1044 Marci
1208 982 1311 1063 prima
1342 981 1500 1044 citacione

237 1101 303 1148 non
327 1087 516 1169 comparuit.

342 1193 420 1256 Item
455 1193 565 1256 relicta
600 1194 726 1256 Nicolai
756 1206 865 1256 contre
902 1194 1038 1257 Paucum
1069 1193 1209 1255 secunde
1244 1193 1398 1256 citacione
1433 1212 1500 1255 non

236 1298 425 1377 comparuit.

341 1403 420 1466 Item
444 1404 553 1466 relicta
579 1405 705 1467 Mikech
731 1406 827 1468 Semk
857 1420 967 1468 contra
1000 1407 1155 1467 Iacobum
1187 1405 1308 1466 dictum
1334 1405 1409 1466 Xun
1433 1422 1499 1466 nnn

235 1510 425 1592 comparuit.

343 1617 421 1678 Item
452 1617 591 1679 Michael
622 1616 706 1680 filius
738 1618 783 1680 St.
815 1631 924 1679 contra
957 1617 1084 1679 Petrum
1110 1615 1213 1679 filium
1244 1615 1364 1678 Donati
1397 1615 1500 1698 prima

236 1721 392 1785 citatione
416 1740 481 1786 nnn
507 1724 696 1806 comparuit.

341 1828 420 1890 Item
446 1828 555 1892 Petres
576 1844 609 1893 et
632 1831 742 1892 Macen
772 1829 935 1892 carnIfices
965 1843 1075 1893 contra
1106 1827 1308 1892 Anthonium
1340 1827 1499 1891 famulum

235 1931 334 1994 Marci
358 1932 415 1995 filii
441 1933 558 1997 Donati
583 1936 685 2019 prima
710 1936 866 2000 citacione
889 1954 955 1999 non
983 1949 1240 2019 comparuerunt.

340 2039 418 2102 Item
437 2041 600 2103 Arnoldua
625 2054 736 2104 contre
760 2041 903 2104 relictam
936 2042 1088 2125 symonis
1118 2043 1221 2124 prims
1245 2042 1402 2104 citacione
1432 2060 1498 2104 non

236 2146 424 2228 comparuit.

340 2250 419 2313 Item
444 2250 637 2314 Benedictus
661 2254 692 2315 in
717 2253 890 2335 quindenis
922 2253 1058 2315 Nicolao
1084 2253 1215 2315 Kordek
1247 2253 1344 2315 debet
1372 2253 1498 2315 solvere

232 2367 297 2417 tres
320 2376 434 2438 pensas
458 2377 531 2420 cum
556 2358 662 2420 media
686 2360 793 2421 minus
816 2379 881 2421 uno
906 2358 1074 2442 (denario).

340 2461 417 2525 Item
443 2463 596 2525 Nicolnus
619 2477 720 2527 aanor
744 2465 795 2527 die
820 2476 935 2528 octavo
954 2465 1052 2528 debet
1075 2465 1251 2548 producere
1275 2465 1499 2528 testimonium

235 2585 308 2628 cum
335 2566 493 2649 Gregorio
517 2570 694 2632 balniatore
727 2585 758 2634 et
789 2570 903 2633 Miklin
934 2571 1105 2654 pannicids
1136 2589 1232 2654 super
1263 2570 1347 2635 facto
1370 2590 1498 2653 percue-

234 2672 334 2734 sionis
357 2687 467 2736 contra
496 2675 662 2740 Iacobum.

338 2779 418 2842 Item
442 2782 557 2863 Artuig
581 2797 690 2846 contra
707 2783 859 2846 Anchech
879 2783 1076 2846 aurifabrum
1093 2785 1233 2848 secunda
1257 2785 1414 2848 citacione
1431 2804 1497 2847 non

234 2886 423 2967 comparuit.

341 2991 420 3054 Item
445 2994 484 3054 de
509 2992 592 3056 facto
620 2995 769 3078 vituperii
801 2994 938 3057 Bartuch
971 2996 1060 3078 quod
1090 2996 1284 3079 vituperavit
1314 3014 1390 3058 eum
1415 2997 1498 3059 Zore

233 3094 274 3156 ad
298 3096 384 3157 diem
409 3113 558 3160 octavum
582 3113 629 3162 est
652 3115 871 3182 prorogatum.

339 3200 418 3264 Item
442 3222 536 3266 causa
559 3206 641 3267 Zore
666 3220 697 3268 et
720 3205 847 3268 Cristan
871 3206 911 3268 ad
934 3206 1020 3268 diem
1038 3220 1189 3269 octavum
1212 3221 1259 3268 est
1281 3222 1451 3290 prorogata
1470 3209 1496 3270 si

233 3308 406 3370 concordia
430 3309 499 3372 fieri
516 3312 643 3393 poterit,
666 3312 693 3373 si
717 3330 795 3391 non,
819 3325 935 3374 extunc
950 3311 1105 3374 faciemus
1121 3313 1348 3375 omnimodum
1373 3313 1497 3395 justicie

234 3414 510 3495 compIImentum.

339 3519 419 3583 Item
444 3522 551 3605 Sydak
576 3523 628 3585 die
658 3536 772 3586 octavo
805 3523 901 3586 debet
932 3523 1035 3604 jurare
1061 3536 1126 3585 met
1155 3525 1271 3586 tercIus
1294 3543 1389 3608 super
1413 3524 1497 3588 facto

233 3645 405 3708 porcorum
431 3643 540 3690 contra
565 3629 738 3711 quemdam
763 3629 929 3692 hominem
953 3630 993 3690 de
1018 3630 1167 3692 Iwanich.

339 3733 418 3795 Item
443 3734 475 3795 in
499 3748 611 3816 quarta
635 3735 791 3797 citacione
816 3735 978 3797 Iohannes
1007 3735 1095 3798 Puch
1119 3737 1195 3818 quia
1227 3756 1291 3797 non
1317 3740 1499 3821 comparuit

234 3852 343 3901 contra
368 3839 564 3922 Stephanum
590 3839 692 3902 filium
717 3841 810 3919 Rati,
834 3854 865 3903 et
881 3841 967 3903 idem
993 3842 1038 3904 St.
1062 3843 1178 3923 juravit
1192 3862 1288 3925 super
1311 3862 1364 3904 aex
1387 3846 1495 3926 pensis

233 3964 307 4006 cum
330 3946 447 4023 media,
470 3965 549 4027 quas
573 3946 678 4008 eidem
701 3946 826 4009 solvere
849 3961 975 4010 tenetur
998 3949 1029 4008 in
1055 3946 1238 4028 quindenis.

340 4050 417 4113 Item
442 4052 475 4112 in
499 4064 612 4133 quarta
636 4052 791 4130 citacione
822 4052 984 4115 Iohannes
1014 4053 1100 4115 filius
1124 4054 1292 4116 Laurencii
1324 4075 1420 4140 super
1442 4078 1497 4121 sex

233 4173 307 4217 cum
331 4155 440 4217 medio
472 4156 602 4219 florenis
633 4158 749 4238 juravit
780 4172 891 4221 contra
923 4160 1116 4242 Symonem‚
1148 4179 1231 4242 quos
1262 4162 1348 4223 idem
1373 4164 1496 4246 Symon

233 4262 338 4323 eidem
362 4262 500 4324 Iohanni
525 4264 650 4325 solvere
672 4278 800 4326 tenetur
823 4266 856 4327 in
880 4266 1063 4347 quindenis.

339 4368 418 4430 Item
442 4369 549 4431 Pawel
572 4383 661 4432 sutor
684 4369 763 4432 ferie
779 4372 876 4433 tercia
899 4386 1008 4434 contra
1026 4372 1187 4454 quandam
1215 4375 1383 4437 mulierem
1400 4376 1497 4439 debet

233 4493 419 4558 comparere
443 4476 691 4559 perhemptorie.

338 4580 417 4642 Item
441 4581 589 4644 Todcam
614 4596 645 4644 et
668 4583 821 4645 Nicolaus
843 4596 953 4646 contra
978 4584 1097 4646 Iwanin
1123 4585 1226 4667 prima
1250 4586 1405 4648 citacione
1430 4607 1496 4650 non

233 4699 492 4770 comparuerunt.

339 4793 416 4855 Item
448 4793 611 4856 Iohannes
642 4795 880 4858 molendinator
915 4809 1024 4860 contra
1056 4798 1218 4878 Negoeam
1248 4797 1389 4861 secunda
1419 4799 1496 4862 cita·

233 4898 326 4961 cione
349 4918 413 4961 non
439 4900 627 4982 comparuit.
1150 4915 1153 4922 '
