3488 5250
639 334 729 396 Anno
751 335 843 415 1360.
867 371 911 383 -
932 352 962 402 2.
987 340 1116 403 octobris.
1453 344 1511 426 189

250 437 451 447 σῇ..-

352 543 431 606 Item
456 545 651 608 Laurentius
675 547 814 610 Vardich
838 562 947 611 contra
972 550 1050 611 Iuan
1067 551 1206 614 PIauech
1230 554 1373 616 secundo
1398 521 1531 618 citatus!

247 667 312 710 non
336 652 526 732 comparuit.

351 756 429 817 Item
453 772 567 820 octavo
592 757 644 820 die
668 759 821 822 Nicolaus
838 774 949 822 contra
974 761 1154 824 Iohannem
1179 762 1282 826 filium
1311 764 1419 849 Matey
1446 779 1511 828 met

245 862 405 924 secundus
428 862 531 945 jurare
556 865 661 943 debet,
686 866 775 947 quod
798 875 855 947 pe'r
879 886 952 929 eum
978 865 1089 929 fuisset
1112 869 1308 933 vulneratus.

351 968 429 1029 Item
455 969 601 1032 Thomas
624 971 765 1033 decanus
796 985 906 1034 contra
930 973 1039 1035 Petres
1063 973 1244 1037 carnificem
1268 976 1374 1058 primo
1398 977 1511 1041 citatus

245 1091 311 1135 non
336 1076 525 1157 comparuit.

352 1180 430 1243 Item
455 1197 569 1244 octavo
601 1183 653 1245 die
686 1182 847 1264 Georgius
877 1184 1034 1247 litteratus
1063 1199 1174 1248 contra
1205 1206 1327 1249 socrum
1354 1187 1510 1252 Crisozlai

243 1304 300 1366 per
318 1286 474 1349 Iacobum
500 1289 575 1350 Kun
599 1302 631 1351 et
647 1289 784 1352 Paulum
807 1289 962 1373 pictorem
979 1310 1075 1374 super
1098 1292 1265 1374 vituperiis
1288 1295 1507 1358 testImonium

243 1393 421 1475 producere
446 1394 559 1472 debet;
584 1408 614 1457 et
638 1395 714 1478 quia
737 1396 837 1458 tercio
861 1396 954 1459 citata
984 1416 1050 1459 non
1083 1398 1273 1480 comparuit,
1307 1399 1380 1462 ideo
1404 1401 1437 1462 in
1460 1400 1508 1482 ju·

244 1498 329 1561 dicio
353 1501 449 1562 trium
474 1521 646 1583 pensarum
671 1502 832 1565 remansit.

353 1606 430 1668 Item
454 1606 539 1669 filius
563 1606 785 1670 PecohIeince
809 1621 919 1671 contra
944 1607 1135 1670 Michaelem
1169 1608 1298 1692 IIudlep
1329 1612 1434 1693 primo
1465 1612 1508 1675 ci-

245 1722 328 1772 tatus
351 1731 417 1774 non
440 1714 630 1795 comparuit.

350 1818 428 1881 Item
454 1818 585 1882 Gordak
619 1834 651 1883 et
682 1819 810 1883 Cernka
842 1820 987 1883 Zolarica
1016 1821 1234 1884 submiserunt
1266 1844 1298 1885 se
1321 1825 1507 1887 testimonio

244 1923 375 1986 domine
401 1926 557 1988 consortis
582 1927 709 1989 MiItech
733 1925 789 1989 filii
815 1926 940 2006 Hench,
973 1927 1061 2008 quod
1085 1941 1199 1990 octavo
1231 1929 1283 1992 die
1308 1929 1404 1992 debet
1427 1950 1505 1992 esse.

349 2032 426 2093 Item
452 2052 545 2094 causa
570 2053 634 2114 que
658 2034 793 2096 vertitur
817 2033 899 2096 iuter
922 2033 999 2095 Iuan
1036 2032 1155 2096 Cemer
1185 2048 1216 2096 et
1241 2035 1372 2099 Matium
1403 2036 1507 2098 filium

243 2138 339 2199 Marci
365 2137 405 2199 ad
430 2152 503 2200 octo
528 2139 596 2200 dies
620 2139 660 2200 ad
683 2159 797 2221 pacem
821 2153 869 2201 est
892 2152 1073 2221 prorogata.

347 2244 424 2306 Item
449 2265 543 2308 causa
569 2246 646 2307 Mali
672 2259 703 2307 et
726 2245 824 2307 Banci
849 2244 889 2307 ad
917 2245 1058 2328 primum
1090 2243 1246 2325 judicium
1279 2246 1435 2309 adventus
1457 2245 1505 2329 ju·

241 2348 321 2411 dicis
345 2350 384 2410 de
409 2351 496 2413 curia
520 2364 567 2413 est
590 2365 772 2433 prorogata.

346 2455 424 2517 Item
448 2456 533 2518 filius
558 2457 656 2518 Lucie
680 2471 790 2519 contra
815 2456 921 2518 Eliam
946 2456 1051 2538 prImo
1083 2457 1197 2519 citatus
1226 2477 1291 2520 non
1315 2459 1504 2541 comparuit.

347 2561 424 2624 Item
450 2577 565 2625 octavo
596 2563 648 2624 die
679 2563 758 2625 WIIt
790 2562 1030 2624 molendinator
1054 2576 1164 2625 contra
1196 2564 1340 2626 Baboieb
1364 2584 1420 2646 per
1444 2565 1504 2627 De-

240 2668 389 2730 metrium
415 2682 446 2730 et
477 2668 656 2750 Georgium
688 2688 782 2751 super
815 2669 1001 2732 verberibus
1029 2689 1065 2730 ac
1095 2670 1262 2752 vituperiis
1283 2670 1504 2733 testimonium

240 2772 335 2836 debet
358 2776 547 2857 producere.

344 2881 422 2942 Item
440 2881 633 2944 BenedIctus
649 2894 758 2942 contra
777 2880 968 2963 Dyonisium
983 2880 1086 2963 primo
1104 2882 1217 2944 citatus
1230 2901 1295 2942 non
1313 2882 1502 2964 comparuit.

346 2987 424 3048 Item
449 2988 614 3049 Emericus
638 2986 722 3048 filius
746 2987 911 3049 Curilonis
934 3001 1043 3049 contra
1070 2987 1198 3069 Eudrey
1223 2987 1380 3049 decanum
1405 2987 1502 3050 bodie

238 3093 458 3155 testimonium
482 3094 659 3176 producere
683 3076 906 3176 assumpserat,
930 3107 960 3155 et
984 3113 1049 3155 non
1074 3094 1161 3154 venit
1184 3113 1242 3156 nec
1266 3093 1386 3155 aduxit.

345 3199 423 3260 Item
448 3200 523 3262 licet
548 3201 659 3261 Petrus
683 3199 786 3261 dictus
810 3200 1025 3281 Zlepechnog‚
1059 3199 1187 3261 Petrum
1212 3197 1314 3260 filiurn
1340 3199 1448 3260 Iureni
1473 3214 1504 3261 et

184 3352 188 3360 .
240 3302 418 3385 Georgium
443 3305 579 3385 citasset,
602 3318 710 3367 tamen
735 3325 800 3366 non
824 3305 912 3367 venit
936 3325 994 3367 nec
1019 3304 1105 3366 misit
1129 3318 1218 3366 actor
1242 3304 1389 3366 existens.

345 3410 423 3473 Item
457 3412 619 3473 Iohannes
650 3411 790 3473 frenator
820 3411 918 3473 hodie
953 3424 1062 3472 contra
1087 3410 1210 3472 Obram
1243 3410 1337 3471 ZoIar
1359 3411 1501 3473 testimo·

239 3516 328 3577 nium
355 3517 533 3598 producere
558 3518 706 3596 debebat,
731 3531 762 3579 et
785 3536 851 3578 non
875 3518 963 3578 venit
985 3536 1044 3578 nec
1068 3516 1289 3578 testimonium
1313 3515 1431 3579 aduxit.

344 3622 422 3684 Item
446 3624 522 3684 Iuan
549 3621 651 3704 Galga
676 3635 786 3684 contra
819 3623 954 3684 Lubiam
980 3621 1077 3684 hodie
1109 3622 1256 3684 similiter
1281 3622 1500 3685 testImonium

241 3729 418 3810 producere
446 3730 600 3808 debebat,
624 3742 656 3792 et
679 3749 744 3791 non
769 3729 855 3791 venit
879 3749 937 3790 nec
961 3728 1081 3791 aduxit.

344 3835 422 3897 Item
454 3835 528 3897 licet
560 3835 697 3897 Michael
728 3834 818 3897 faber
848 3835 946 3897 hodie
979 3847 1088 3897 contra
1121 3834 1291 3896 Nicolaum
1317 3854 1500 3917 comparere

237 3940 399 4002 debuisset
423 3953 454 4001 et
476 3960 542 4002 non
567 3941 655 4003 venit
678 3961 736 4002 nec
758 3940 854 4003 misit.

343 4046 420 4107 Item
453 4047 614 4108 Iohannes
646 4059 676 4108 et
709 4047 825 4109 Mahna
857 4047 973 4108 mulier
1003 4065 1039 4108 ac
1073 4046 1197 4107 Blasius
1225 4059 1334 4108 contra
1368 4048 1435 4108 Kus
1467 4047 1498 4109 iu

236 4153 338 4233 prIma
363 4152 517 4213 citatione
542 4172 607 4214 non
631 4166 797 4214 venerunt.

343 4258 420 4319 Item
445 4257 525 4319 infra
550 4271 624 4320 octo
656 4259 724 4320 dies
756 4258 916 4339 Georgius
946 4257 1031 4320 filius
1055 4258 1209 4340 Stephani
1242 4273 1351 4320 contra
1377 4259 1498 4321 Antho-

237 4365 326 4426 nium
350 4384 504 4447 generum
538 4384 631 4425 suum
664 4365 883 4427 testImonium
916 4366 1091 4446 producere
1116 4378 1242 4426 tenetur
1273 4384 1345 4426 cum
1370 4365 1498 4427 Andrea

237 4484 382 4552 paratore
408 4469 571 4532 frenorum
597 4484 627 4532 et
652 4470 782 4532 Mihaua
814 4472 947 4533 muliere
979 4491 1074 4554 super
1098 4472 1169 4549 hoc,
1200 4471 1288 4553 quod
1312 4471 1379 4553 ipse
1403 4491 1498 4553 super

237 4577 370 4639 domum
395 4596 484 4637 suam
511 4576 682 4654 veniendo,
700 4596 831 4638 uxorem
855 4598 946 4639 suam
967 4578 1182 4659 percussisset.

342 4683 420 4744 Item
445 4682 617 4764 Dragonya
641 4695 730 4744 sutor
753 4695 863 4744 contra
888 4684 932 4746 St.
956 4682 1058 4744 fiIIum
1084 4683 1241 4743 MartInus
1265 4682 1296 4742 in
1320 4681 1426 4763 prImo
1450 4680 1497 4762 ju-

237 4788 321 4850 dicio
345 4809 410 4850 non
435 4788 533 4850 venit.
