3488 5250
629 357 714 411 Anno
737 351 828 430 1356.
854 385 894 394 —
914 365 949 427 3.
965 352 1058 426 J'rcnr'r'.
1431 370 1466 428 51

313 566 391 627 Item
415 564 574 626 Henricus
597 560 728 646 pellifex
752 576 783 623 et
806 561 921 643 Artuig
938 574 1048 622 contra
1073 559 1160 623 Otho
1184 561 1289 642 primo
1306 561 1393 623 citati
1405 580 1470 623 non

207 684 466 755 comparuerunt.

313 779 389 840 Item
416 775 607 838 Lourandus
631 788 739 837 contra
764 774 804 835 N.
828 774 933 856 primo
957 773 1070 834 citatus
1093 791 1159 834 non
1182 773 1371 855 comparuit.

313 883 391 946 Item
416 883 528 944 Maren
552 893 662 943 contra
685 878 841 941 Vidomer
864 878 969 960 primo
994 878 1107 939 citatus
1130 897 1196 938 non
1220 880 1408 960 comparuit.

313 989 392 1050 Item
428 1006 508 1048 uxor
542 986 581 1048 N.
616 985 745 1047 sartoris
783 997 892 1046 contra
927 983 1091 1044 Andream
1116 983 1228 1045 Pulani
1253 985 1358 1066 primo
1380 985 1474 1048 citata

209 1114 275 1157 non
307 1092 497 1175 comparuit.

314 1197 391 1262 Item
427 1197 565 1259 Michael
600 1209 631 1258 et
666 1197 802 1258 Peterko
837 1210 947 1258 contra
983 1196 1118 1258 Piukam
1151 1197 1256 1278 prisno
1288 1197 1373 1259 citati
1406 1217 1472 1260 non

210 1317 468 1386 comparuerunt.

315 1410 393 1472 Item
418 1409 528 1471 Petrus
551 1406 692 1470 carnifex
708 1420 817 1469 contra
840 1406 884 1469 St.
902 1406 1085 1469 carnificem
1108 1407 1149 1468 ad
1165 1421 1238 1469 octo
1263 1407 1330 1469 dies
1354 1408 1473 1491 recepit

209 1516 383 1577 terminum
407 1514 447 1576 ad
472 1513 744 1596 respondendum.

314 1622 392 1682 Item
411 1621 501 1682 Marlr
519 1632 628 1681 contra
647 1620 685 1681 N.
703 1617 901 1680 aurifabrum
911 1619 1053 1680 secundo
1076 1618 1188 1680 citatus
1201 1639 1266 1680 non
1280 1620 1471 1702 comparuit.

315 1722 392 1787 Item
417 1746 510 1787 causa
535 1744 598 1806 que
629 1724 762 1786 vertitur
793 1724 875 1786 inter
899 1725 1053 1786 Mathiam
1085 1724 1125 1786 de
1155 1725 1306 1787 PobresIa
1341 1739 1371 1787 et
1395 1725 1472 1788 Iuan

210 1831 391 1893 collatorem
416 1844 542 1913 recepta
566 1844 612 1892 est
637 1831 677 1892 ad
701 1843 775 1892 octo
799 1828 868 1904 dies
891 1829 931 1891 ad
955 1827 1078 1912 pacem.

318 1935 396 1999 Item
420 1937 535 1999 Kusilo
568 1950 676 1998 contra
709 1936 885 1997 Martinam
908 1935 1014 2017 primo
1046 1936 1158 1997 citatus
1188 1955 1254 1998 non
1285 1937 1474 2019 comparuit.

317 2043 394 2104 Item
420 2043 551 2104 Kordek
574 2055 684 2105 contra
700 2041 884 2103 Arnoldum
899 2042 1042 2104 secundo
1067 2042 1180 2103 citatus
1199 2062 1266 2105 non
1283 2045 1473 2125 comparuit.

313 2146 391 2210 Item
417 2148 573 2210 Martinus
597 2147 721 2230 Reyniz
745 2160 853 2209 contra
886 2148 1054 2209 Mortonos
1083 2162 1225 2210 sutorem
1257 2149 1399 2211 secundo
1431 2151 1473 2212 ci-

209 2266 293 2316 tatus
316 2274 382 2316 non
406 2253 596 2335 comparuit.

315 2357 393 2422 Item
418 2357 556 2421 Eartuch
579 2371 687 2420 contra
713 2358 859 2420 Pezdech
875 2360 915 2420 N.
939 2359 1044 2440 primo
1069 2360 1183 2422 citatus
1198 2380 1264 2422 non
1282 2362 1472 2442 comparuit.

316 2465 395 2527 Item
425 2464 592 2546 Philippus
615 2463 747 2547 Thihyn
774 2477 884 2527 contra
915 2465 1089 2527 Bedicham
1121 2467 1226 2548 prImo
1257 2467 1370 2529 citatus
1408 2486 1474 2529 non

212 2570 400 2652 comparuit.
970 2631 982 2659 4,

318 2674 397 2739 Item
422 2695 515 2737 causa
539 2694 602 2756 que
627 2676 759 2737 vertitur
783 2676 865 2737 inter
888 2676 1070 2737 Marketum
1095 2690 1126 2738 et
1150 2677 1320 2738 dominum
1344 2678 1475 2739 Petrum

212 2782 350 2844 condam
373 2780 514 2864 judicem
538 2781 593 2842 tali
618 2780 718 2843 modo
742 2795 789 2843 est
815 2795 986 2864 prorogata
1011 2782 1051 2842 ad
1076 2795 1148 2844 octo
1174 2783 1242 2844 dies
1266 2783 1320 2863 ita,
1344 2782 1472 2864 quodsi

213 2887 293 2949 infra
318 2888 404 2969 Ipsos
428 2900 502 2949 octo
526 2887 593 2948 dies
618 2887 676 2969 ipsi
702 2887 836 2948 domino
862 2887 955 2948 Petro
986 2888 1186 2950 voluntatem
1218 2889 1257 2949 de
1281 2889 1386 2950 verbis
1409 2903 1474 2950 tur-

210 2995 305 3076 pibus
329 2994 473 3055 invenire
497 2993 624 3074 poterit,
655 2996 736 3055 bene
768 2993 913 3074 quidem,
937 2993 1094 3074 alioquin,
1125 2994 1303 3056 secundum
1327 2993 1415 3076 quod
1441 2995 1473 3056 in

211 3099 382 3182 privilegio
406 3099 596 3177 continetur,
621 3099 921 3180 condempnabitur.
1156 3166 1164 3187 .

316 3203 393 3267 Item
417 3218 532 3266 octavo
556 3204 607 3266 die
624 3205 668 3267 M.
693 3204 777 3266 filius
798 3205 959 3266 Leurandi
975 3219 1102 3267 tenetur
1125 3205 1200 3266 dare
1225 3205 1346 3268 Uolino
1363 3204 1473 3267 ciffum

212 3329 306 3373 suum
330 3324 516 3391 argenteum
539 3310 591 3370 vel
614 3310 757 3371 valorem
782 3310 861 3388 eius,
893 3311 1025 3392 ipseque
1049 3309 1183 3372 domino
1208 3312 1252 3373 M.
1276 3308 1300 3373 II
1324 3310 1393 3374 flor.

318 3416 394 3479 Item
428 3415 694 3476 adiudicaverunt
724 3415 828 3496 jutan,
858 3430 893 3477 ut
923 3416 998 3497 quia
1030 3417 1142 3478 Petrus
1172 3430 1273 3478 sartor
1297 3415 1476 3498 Georgium

212 3521 408 3585 aurifabrum
433 3521 622 3599 vulneravit,
636 3521 709 3583 ideo
723 3522 789 3602 ipse
804 3521 913 3583 Petrus
924 3522 983 3604 ipsi
998 3520 1141 3604 Georgio
1166 3524 1245 3585 duas
1269 3542 1343 3584 cum
1366 3522 1474 3584 media

213 3647 334 3690 marcas
358 3627 482 3691 solvere
506 3640 632 3689 tenetur
666 3641 696 3689 et
719 3628 846 3689 medico
881 3626 1061 3689 satisfacere
1086 3644 1116 3691 et
1139 3628 1288 3710 judiciC
1314 3628 1473 3690 denarios.

316 3730 393 3794 Item
418 3733 444 3796 si
469 3734 621 3794 Nicolaus
644 3730 804 3795 aurIfaber
827 3731 937 3813 juratis
969 3733 1051 3796 infra
1075 3748 1148 3796 octo
1179 3733 1248 3796 dies
1271 3734 1473 3795 voluntatem

212 3857 277 3900 non
301 3839 453 3919 inveniet,
477 3852 591 3900 extunc
616 3839 691 3921 ipsis
715 3839 831 3920 elapsis
856 3837 1129 3902 determinabitur.

318 4074 415 4147 Ferit
442 4085 542 4149 sexta
569 4080 723 4165 proxima
751 4087 828 4166 post
854 4077 976 4147 festum
1005 4075 1220 4147 Ascenslonis
1248 4078 1382 4147 dominl.

760 4230 801 4306 (5.
818 4231 926 4306 junii).

320 4366 428 4428 Primo
440 4367 552 4427 Maren
569 4366 664 4428 Zolar
676 4381 785 4429 contra
798 4367 954 4430 Vidomer
966 4368 1064 4429 tercio
1081 4367 1194 4429 citatus
1211 4387 1276 4430 non
1287 4368 1476 4449 comparuit.

319 4469 394 4534 Item
420 4472 505 4533 idem
532 4472 642 4533 Maren
674 4487 783 4535 contra
816 4473 995 4535 Johannem
1021 4473 1198 4535 Barbacum
1231 4473 1476 4556 (testimonium)

214 4577 363 4640 exhibere
387 4577 516 4658 (debet).

318 4681 396 4745 Item
429 4684 566 4747 Michael
590 4684 675 4746 filius
705 4685 748 4748 St.
781 4684 893 4747 Kuche
926 4698 1035 4747 contra
1068 4685 1201 4746 Piukam
1231 4684 1412 4747 carnificem
1436 4684 1477 4746 ad

213 4803 287 4851 octo
313 4789 380 4851 dies
399 4791 519 4873 recepit
540 4792 712 4853 termInum
738 4790 778 4853 ad
803 4792 1075 4873 respondendum.
