3488 5250
615 349 879 430 Anno1364.-
903 366 951 412 12.
968 353 1121 428 januarrt.

338 560 417 623 Item
440 562 549 625 relicta
566 561 738 644 Dampiani
755 561 899 625 woachar
917 575 1026 623 contra
1051 560 1230 623 Iohannem
1248 558 1372 622 fabrum
1390 559 1496 642 primo

231 668 325 730 citata
342 686 408 729 non
431 667 629 750 comparuit;
654 681 685 729 et
708 667 873 750 prohibuit
889 666 957 749 ipse
982 665 1144 729 Iohannes
1168 666 1284 728 dictam
1309 666 1452 728 reIIctam
1478 686 1495 727 a
1595 696 1598 700 ·

231 772 422 835 vendicione
438 773 676 854 possessionum
693 790 822 835 suarum
840 786 872 835 et
883 773 1045 855 quoslibet
1057 775 1097 834 ab
1113 773 1281 855 empcione
1298 772 1494 836 earumdem.

336 894 414 956 Item
440 894 485 958 St:
509 894 628 958 Zauala
652 896 757 978 primo
789 894 902 959 citatur
933 910 1044 958 contra
1068 894 1248 958 Iohannem
1279 894 1405 958 fabrum
1429 914 1496 957 non

230 1001 419 1083 comparuit.

339 1107 416 1169 Item
443 1107 573 1191 Matbey
608 1103 693 1170 fiIiua
724 1107 896 1191 Dampieni
928 1108 1032 1189 primo
1064 1107 1177 1170 citatue
1208 1119 1317 1169 contra
1340 1107 1496 1168 VoIinum

231 1211 359 1276 fabrum
383 1233 448 1276 non
473 1214 662 1296 comparuit.

336 1336 414 1399 Item
438 1349 552 1398 octavo
570 1334 622 1399 die
643 1335 805 1399 Iohannes
821 1348 922 1399 sartor
938 1349 1046 1399 contra
1065 1334 1209 1399 Hermen
1225 1332 1384 1398 famulum
1400 1355 1495 1397 suurn

231 1441 348 1522 jurabit
371 1461 404 1504 se
428 1442 597 1523 secundus,
622 1442 710 1524 quod
734 1461 791 1525 per
814 1462 888 1504 eum
913 1441 1008 1504 fuerit
1033 1443 1228 1505 vulneratus.

337 1540 415 1628 Item
439 1580 553 1628 octavo
589 1564 640 1628 die
667 1563 813 1628 Thomas
845 1563 1001 1629 litteratus
1030 1587 1064 1629 ae
1086 1565 1202 1628 tercius
1232 1579 1342 1628 contra
1366 1562 1495 1627 Petrum

231 1671 387 1733 Valterini
411 1671 539 1753 jurabit,
563 1672 663 1754 quod·
683 1691 757 1733 eum
789 1691 856 1734 non
887 1673 1102 1734 vulneraverit
1132 1691 1191 1733 nec
1221 1671 1374 1733 biceIIum
1405 1690 1494 1733 exce·

231 1777 313 1859 perit
336 1797 431 1859 super
454 1776 571 1860 ipsum.

335 1901 414 1963 Item
430 1902 506 1964 Moz
530 1915 641 1964 contra
659 1901 791 1963 Petrum
808 1899 910 1963 filium
928 1902 1066 1986 Mekyne
1083 1902 1123 1963 ad
1140 1918 1213 1964 octo
1230 1902 1299 1964 dies
1320 1900 1493 1964 terminum

230 2006 350 2088 recepit
373 2007 600 2090 respondendi.

337 2129 416 2193 Item
438 2144 553 2193 octavo
577 2131 629 2193 die
654 2131 719 2193 duo
752 2130 885 2213 Georgii
915 2145 1040 2194 autorea
1069 2145 1180 2195 contra
1207 2131 1372 2194 Thomam
1403 2130 1494 2192 Hun-

228 2255 353 2318 garum‚
378 2236 514 2318 quilibet
536 2257 571 2298 ee
594 2237 753 2300 seeundue
776 2236 893 2319 jurabit
915 2256 1011 2320 super
1034 2238 1074 2299 III
1098 2236 1239 2301 florenie.

337 2359 415 2420 Item
440 2360 616 2442 Jenzlyuue
639 2373 728 2423 autor
760 2374 869 2423 contra
895 2361 1003 2422 Petrea
1027 2361 1132 2442 primo
1164 2361 1278 2423 citatur
1309 2377 1375 2422 non
1406 2377 1494 2422 com·

229 2464 346 2546 paruit.

335 2572 412 2633 Item
438 2572 542 2654 primo
568 2571 687 2634 iudicio
712 2572 869 2634 adventur
893 2573 932 2635 N.
959 2573 1128 2635 Januensie
1154 2573 1187 2634 in
1211 2571 1400 2652 Zagrabiam
1425 2571 1494 2650 ipae

230 2676 270 2739 N.
294 2695 328 2737 ae
351 2676 512 2738 secundus
534 2691 645 2740 contra
669 2678 858 2740 Kurkonem
874 2678 1002 2756 iurabit,
1027 2679 1117 2760 quod
1140 2679 1207 2741 duo
1224 2677 1313 2761 porci
1336 2676 1385 2739 eui
1404 2676 1494 2759 puel·

231 2781 297 2843 lam
321 2782 421 2863 ipaiua
444 2801 510 2844 non
534 2782 771 2862 memorarint,
795 2782 874 2847 etei
898 2801 964 2845 non
981 2784 1109 2863 iurabit,
1132 2798 1210 2846 tunc
1225 2801 1340 2866 porcoe
1364 2782 1495 2844 debebit

231 2886 404 2973 aaaignare.

336 3010 413 3073 Item
438 3025 551 3073 octavo
577 3012 628 3074 die
645 3013 754 3075 relicta
771 3012 907 3076 Zelezen
931 3028 1041 3076 contra
1056 3033 1211 3096 generum
1227 3032 1322 3076 suum
1345 3031 1379 3076 ee
1395 3013 1492 3076 tercia

230 3114 357 3196 jurabit,
374 3115 462 3198 quod
480 3115 544 3179 filia
568 3135 635 3197 aua,
658 3136 740 3180 uxor
756 3119 864 3201 ipsius,
888 3119 1022 3182 minime
1045 3120 1177 3203 quoeris
1192 3117 1333 3182 florenoa
1355 3139 1413 3182 nec
1437 3119 1492 3181 de·

230 3222 336 3283 narioa
355 3223 529 3305 portaverit
544 3223 584 3285 ad
609 3224 756 3304 eandem,
772 3245 831 3287 nec
855 3245 1051 3308 quamquam
1069 3243 1159 3287 auam
1176 3225 1346 3307 pecuniam
1363 3225 1487 3288 habeat.

298 3402 303 3409 .
334 3344 413 3408 Item
437 3344 583 3408 Andreas
606 3349 716 3431 Askyn
740 3347 883 3411 secundo
912 3349 1025 3411 citatus
1057 3361 1166 3411 contra
1191 3347 1402 3411 Benedictum
1426 3368 1493 3410 non

231 3449 420 3534 comparuit.

335 3557 412 3618 Item
437 3558 563 3620 Marcus
587 3573 696 3621 contra
722 3559 857 3621 Paulum
883 3559 1022 3639 judicem
1046 3563 1151 3643 primo
1180 3560 1292 3623 citatus
1316 3578 1381 3622 non
1406 3577 1493 3622 com·

230 3663 345 3746 paruit.

334 3785 413 3847 Item
438 3786 549 3848 Petrus
573 3786 747 3869 Hungarus
768 3803 877 3851 contra
901 3790 1020 3852 chhk
1036 3791 1227 3873 piscatorem
1250 3789 1356 3872 primo
1380 3787 1493 3851 citatus

230 3909 295 3952 non
320 3890 508 3973 comparuit.

336 4015 412 4076 Item
438 4029 552 4078 octavo
577 4017 628 4079 die
653 4018 791 4080 Jacobue
822 4019 952 4081 Zirotka
983 4036 1092 4082 contra
1124 4019 1303 4102 Georgium
1327 4019 1493 4102 quondam

229 4139 402 4204 preconem
425 4120 552 4203 jurabit,
576 4123 665 4205 quod
689 4124 778 4186 XXV
802 4125 938 4187 cubuloa
961 4126 1027 4187 vini
1051 4129 1091 4187 ab
1116 4145 1155 4188 eo
1179 4145 1244 4187 non
1269 4125 1426 4193 habuerit.

335 4245 414 4307 Item
440 4246 613 4309 Krauturm
646 4260 754 4308 contra
787 4248 993 4330 Leupoidum
1025 4250 1130 4331 primo
1165 4250 1278 4310 citatur
1309 4261 1374 4311 non
1405 4269 1492 4311 com·

228 4363 345 4432 paruit.

335 4473 413 4535 Item
437 4475 514 4556 quia
537 4475 676 4538 Michael
701 4477 882 4540 Zterinicha
906 4491 993 4540 actor
1018 4479 1156 4540 exietena
1177 4492 1289 4541 contra
1312 4479 1402 4540 Kur'a
1425 4496 1491 4542 non

229 4581 428 4662 comparuit,
458 4581 532 4644 ideo
564 4583 624 4644 nisi
656 4583 810 4667 deponitie
842 4584 881 4646 III
916 4586 1024 4667 penria
1054 4585 1094 4647 de
1129 4601 1215 4647 novo
1246 4601 1340 4667 agere
1374 4586 1492 4667 poterit

229 4705 358 4749 caueam
381 4705 484 4750 auam.
