3488 5250
626 385 712 443 Anno
733 380 825 462 1362.
849 418 892 428 —
916 398 967 461 29·
983 383 1070 464 felii.
1425 405 1488 468 2²3

330 595 408 658 Item
433 594 547 657 Cusilo
572 607 681 657 contra
706 595 868 658 Andream
898 595 1003 678 primo
1028 596 1141 658 citatus
1165 616 1230 659 non
1254 597 1443 680 comparuit.

331 701 409 763 Item
433 701 543 764 relicta
566 702 658 764 PauIi
683 701 887 765 Chezanicha
911 716 1025 764 octavo
1053 701 1105 764 die
1130 702 1226 765 debet
1249 716 1388 785 prestare
1405 702 1488 783 jura·

223 821 380 887 mentum,
404 807 493 890 quod
516 808 713 870 servitricem
737 808 837 890 ipsius
861 808 989 870 Andree
1014 828 1079 871 non
1103 809 1291 872 verberavit.

330 913 407 976 Item
433 913 511 975 Inan
535 926 650 975 octavo
673 912 725 974 die
750 927 858 975 contra
883 913 1055 975 Nicolaum
1087 933 1120 975 se
1144 914 1261 977 tercius
1292 913 1387 975 debet
1420 933 1489 996 pre·

223 1032 305 1082 stare
330 1019 556 1099 juramentum,
588 1019 676 1102 quod
698 1038 831 1082 uxorem
862 1021 931 1082 eius
954 1039 1019 1082 non
1050 1021 1275 1099 verberaverit,
1298 1039 1357 1081 nec
1381 1019 1489 1101 puIIos

223 1125 292 1187 eius
314 1145 371 1187 seu
395 1145 456 1187 ova
480 1126 680 1188 subtraxerit.

328 1231 407 1293 Item
431 1229 509 1293 Ieria
532 1243 618 1294 sexta
643 1231 789 1314 proxima
813 1243 886 1314 post
909 1229 1024 1293 festum
1042 1230 1223 1293 Nativitatis
1246 1231 1338 1293 beate
1354 1229 1488 1312 virginis

222 1337 373 1417 magister
405 1336 567 1399 Iohannes
598 1336 731 1420 Crispus
762 1349 871 1399 contra
904 1337 1011 1420 Matey
1044 1337 1182 1399 Scukam
1221 1335 1317 1398 debet
1349 1349 1488 1418 prestare

223 1442 449 1523 juramentum,
473 1443 562 1525 quod
586 1442 731 1505 debitum
755 1463 850 1526 super
873 1462 939 1525 quo
960 1443 1081 1506 litteras
1097 1442 1258 1526 produxit,
1281 1442 1322 1503 sit
1345 1441 1405 1504 sibi
1431 1460 1489 1523 per

223 1547 413 1610 Michaelem
439 1549 631 1631 Hungarum
657 1549 844 1612 insolutum.

329 1656 406 1717 Item
432 1656 538 1737 primo
562 1655 683 1717 iudicio
707 1654 853 1717 Andreas
869 1654 1010 1717 Tecicba
1029 1666 1137 1717 contra
1163 1653 1306 1715 relictam
1323 1652 1414 1715 Pauli
1432 1672 1488 1736 per

223 1760 403 1823 Johannem
428 1759 531 1823 filium
549 1761 660 1823 Bobek
678 1773 709 1823 et
725 1759 906 1823 Johannem
928 1780 1083 1843 generum
1103 1759 1270 1843 Meynardi
1294 1779 1389 1841 super
1406 1760 1488 1821 vitu-

222 1868 319 1949 periis
341 1866 561 1929 testimonium
586 1865 763 1949 producere
787 1866 892 1930 debet.

327 1973 407 2036 Item
431 1973 544 2034 Petrus
567 1986 678 2035 contra
702 1973 779 2034 Iuan
804 1973 910 2055 primo
934 1974 1047 2035 citatus
1071 1992 1137 2035 non
1168 1971 1357 2054 comparuit.

329 2079 407 2141 Item
431 2079 543 2141 Petrus
567 2079 724 2141 litteratus
747 2079 779 2140 in
803 2079 941 2162 presenti
962 2078 1083 2140 iudicio
1107 2078 1138 2140 in
1164 2077 1307 2161 quodam
1330 2076 1408 2140 fimo
1433 2077 1471 2138 de

222 2186 317 2247 bebat
341 2196 450 2247 contra
476 2185 584 2247 Petres
607 2184 800 2267 respondere
825 2199 856 2248 et
880 2204 946 2247 non
971 2185 1058 2247 venit
1082 2204 1140 2247 nec
1164 2184 1260 2249 misit.

272 2404 366 2489 Nota,
396 2404 483 2494 qnod
511 2403 597 2475 teria
624 2410 723 2476 sexta
751 2405 907 2493 proxima
934 2410 1010 2492 post
1042 2403 1165 2476 festum
1199 2404 1290 2475 beati
1317 2404 1435 2494 Jacobi

772 2527 929 2616 apostoli,

759 2688 823 2756 (²9·
845 2680 941 2757 siclo).

325 2820 434 2881 Primo
457 2819 611 2881 Nicolaus
634 2820 761 2881 Kordar
784 2833 894 2881 contra
919 2818 1098 2882 Johannem
1124 2821 1357 2883 stacionarium
1383 2822 1489 2904 primo

217 2925 331 2987 citatus
354 2944 418 2987 non
449 2925 637 3008 comparuit.

323 3031 402 3093 Item
438 3031 538 3093 Lucia
574 3030 741 3092 ZoIaricha
779 3044 891 3093 contra
923 3031 999 3093 Iuan
1035 3031 1131 3093 Zolar
1162 3032 1267 3114 primo
1298 3034 1391 3095 citata
1421 3054 1487 3097 non

219 3136 409 3219 comparuit.

324 3244 402 3305 Item
428 3242 610 3304 Demetrius
626 3256 735 3304 contra
752 3242 936 3325 Dragonam
959 3243 1065 3326 primo
1083 3244 1196 3306 citatus
1213 3263 1278 3306 non
1295 3245 1485 3327 comparuit.

325 3349 403 3410 Item
433 3360 548 3410 octavo
580 3348 631 3409 die
662 3348 816 3411 Nicolaue
851 3348 981 3410 Jurizlai
1014 3363 1124 3411 contra
1157 3349 1280 3411 Obram
1304 3349 1400 3411 Zolar
1431 3369 1487 3432 per

218 3459 344 3516 Annam
369 3454 614 3516 tabernatricem
643 3465 674 3515 et
704 3473 836 3516 uxorem
862 3452 999 3536 Mykech
1031 3454 1253 3517 testimonium
1285 3473 1380 3536 super
1402 3455 1485 3516 vitu·

216 3560 312 3642 periis
336 3559 513 3642 producere
538 3559 643 3623 debet.

322 3665 399 3727 Item
425 3680 540 3727 octavo
565 3665 616 3726 die
642 3665 769 3727 Marcus
792 3678 901 3727 contra
921 3665 966 3728 St.
990 3685 1048 3748 per
1072 3666 1182 3749 Matey
1209 3679 1239 3727 et
1255 3665 1418 3728 Thomam
1435 3686 1486 3728 eu·

217 3784 319 3833 torem
344 3771 565 3833 testimonium
589 3791 684 3854 anper
708 3771 873 3853 vituperiis
896 3771 1073 3854 producere
1098 3772 1203 3833 debet.
1368 3754 1371 3760 ¹

320 3876 398 3938 Item
422 3896 515 3939 causa
540 3895 604 3959 que
635 3876 768 3939 vertitur
800 3877 882 3938 inter
906 3877 1080 3939 Nicolaum
1115 3891 1147 3939 et
1176 3877 1252 3938 Inan
1277 3891 1324 3939 est
1347 3877 1387 3939 ad
1411 3891 1485 3940 octo

217 3980 285 4043 dies
308 3982 348 4043 ad
373 4002 484 4065 pacem
505 3995 687 4065 prorogata.

320 4087 399 4149 Item
423 4107 518 4150 causa
542 4108 605 4171 que
630 4088 763 4151 vertitur
787 4089 869 4151 inter
887 4087 1050 4151 Thomam
1076 4089 1263 4170 magistrum
1288 4104 1319 4152 et
1343 4090 1412 4152 eius
1426 4110 1481 4169 ge·

217 4212 329 4255 nerum
352 4207 398 4255 est
421 4194 462 4256 ad
486 4206 560 4256 octo
584 4194 652 4256 dies
675 4195 715 4257 ad
739 4214 852 4277 pacem
875 4207 1057 4277 prorogata.

321 4300 398 4361 Item
423 4314 537 4362 octavo
561 4299 613 4361 die
638 4300 750 4363 Petrus
774 4300 884 4363 Sestak
909 4314 1019 4363 contra
1043 4300 1121 4362 Iuan
1145 4320 1202 4383 per
1226 4301 1361 4363 Paulum
1377 4300 1480 4363 filium

217 4405 323 4488 Zeyak
348 4420 378 4467 et
403 4405 520 4469 Mahen
544 4406 764 4468 testimonIom
788 4406 966 4488 producere
990 4406 1086 4469 debet
1108 4426 1204 4489 super
1227 4426 1278 4486 eo,
1302 4407 1390 4489 quod
1407 4427 1481 4470 eum

218 4512 423 4590 vulnerasset,
455 4531 472 4572 e
504 4530 659 4575 converso
691 4531 768 4574 vero
800 4512 886 4574 idem
918 4512 995 4574 Inan
1022 4532 1079 4595 per
1110 4512 1210 4574 alium
1245 4513 1320 4575 Iuan
1346 4512 1483 4592 Petrich,

122 4696 125 4702 Ι
217 4618 359 4680 Marcum
386 4630 417 4681 et
440 4617 604 4680 Thomam
627 4618 774 4680 similiter
804 4618 1023 4681 testimonium
1061 4617 1237 4700 producere
1270 4618 1365 4681 debet
1397 4619 1486 4701 quod
1552 4680 1554 4685 .

218 4723 284 4806 ipse
318 4724 359 4786 ad
395 4724 547 4787 biceIIum
583 4722 687 4818 Iratris
720 4724 768 4785 sui
793 4724 878 4787 Iesus
913 4722 1024 4787 fuisset
1054 4735 1085 4786 et
1117 4743 1183 4785 non
1218 4724 1406 4787 vulneratus
1428 4741 1487 4808 per

216 4829 368 4910 eundem,
392 4842 423 4892 et
447 4829 535 4913 quod
561 4828 627 4912 ipse
655 4829 774 4891 Paulus
796 4829 837 4893 sit
858 4830 1027 4913 proximus
1050 4830 1130 4892 eius.
