3488 5250
606 336 691 392 Anno
715 331 805 411 1361.
829 368 871 377 —
889 347 924 409 5.
949 335 1121 396 novembris.

347 544 426 606 Item
451 545 608 606 Martinus
638 545 768 625 jobagio
798 544 943 626 Dragech
976 559 1084 607 contra
1109 544 1255 607 Cernech
1287 547 1430 608 secundo
1463 548 1506 609 ci·

241 662 324 710 tatus
347 669 412 710 non
438 650 627 732 comparuit.

346 756 424 817 Item
449 756 525 838 quia
548 756 681 837 quidam
705 757 861 818 Martinus
884 757 971 818 testis
995 756 1162 818 cuiusdam
1186 757 1330 818 mulieris
1353 758 1501 837 existens,

241 863 283 922 ob
308 860 451 923 favorem
475 863 571 944 partia
595 862 727 925 adverse
759 863 908 925 videlicet
940 862 1085 944 Dragech
1118 882 1182 924 non
1215 864 1404 946 comparuit,
1428 863 1503 925 ideo

241 967 405 1029 decretum
437 983 501 1047 est,
525 982 560 1030 ut
592 967 668 1030 feria
699 969 796 1031 tercia
820 989 892 1030 cum
925 969 964 1031 III
997 969 1104 1051 pensis
1135 968 1340 1030 denariorum
1374 987 1432 1051 pro
1456 969 1505 1029 iu·

241 1072 325 1135 dicio
350 1074 466 1135 debeat
489 1094 684 1156 comparere.

346 1179 424 1241 Item
449 1193 562 1242 octavo
587 1180 639 1241 die
664 1181 741 1242 Iuan
776 1179 878 1261 Galga
912 1194 1021 1242 contra
1053 1179 1131 1241 Iuan
1163 1181 1300 1242 condam
1332 1198 1505 1262 preconem

240 1306 296 1368 per
320 1285 500 1348 Iohannem
519 1300 550 1348 et
570 1306 703 1348 uxorem
729 1287 798 1348 eius
814 1287 1035 1348 testimonium
1051 1305 1146 1368 super
1170 1304 1208 1347 eo
1225 1285 1392 1367 producet,
1416 1285 1505 1366 quod

240 1411 298 1473 pro
323 1390 388 1453 filia
412 1411 468 1452 sua
493 1392 553 1453 sibi
576 1391 809 1454 fideiubuisset.

346 1498 424 1559 Item
449 1511 563 1559 octavo
587 1498 639 1560 die
663 1498 816 1559 Nicolaus
839 1499 1002 1578 organista
1035 1512 1144 1558 contra
1170 1497 1246 1559 Iuan
1272 1497 1409 1559 condam
1434 1516 1505 1578 pre·

241 1623 356 1665 eonem
381 1623 437 1685 per
460 1603 704 1666 tabernatricem
723 1605 808 1665 Luce
828 1619 859 1665 et
876 1604 1050 1665 Martinum
1069 1601 1225 1664 famulum
1251 1603 1296 1665 St.
1321 1600 1401 1665 fabri
1418 1603 1503 1664 testi·

241 1710 387 1772 monium
411 1730 506 1791 super
530 1728 569 1770 eo
593 1710 770 1792 producere
795 1710 901 1788 debet,
926 1710 1014 1791 quod
1035 1729 1169 1772 uxorem
1193 1729 1283 1771 suam
1307 1709 1450 1771 trusisset
1473 1723 1504 1770 et

241 1816 445 1894 verberasset,
470 1829 500 1877 et
524 1835 580 1896 per
604 1816 740 1877 Paulum
765 1814 959 1878 frenatorem
977 1815 1065 1896 quod
1089 1815 1275 1876 huiusmodi
1301 1830 1503 1897 presumptu-

240 1922 387 1984 ositatem
411 1940 476 1982 non
501 1934 658 2002 negasset.

345 2028 423 2089 Item
453 2042 568 2089 octavo
600 2027 652 2088 die
684 2028 800 2089 Domia
835 2041 944 2089 contra
976 2026 1124 2107 Dragech
1156 2026 1273 2088 iurabit
1296 2045 1328 2087 se
1352 2025 1502 2104 secunda,

240 2133 328 2214 quod
352 2154 407 2215 per
431 2154 505 2195 eum
530 2132 624 2195 suerit
648 2135 824 2195 verberata.

345 2240 423 2300 Item
448 2239 568 2301 Paulek
592 2238 765 2300 Medonich
790 2253 898 2299 contra
925 2239 1053 2299 Petrum
1071 2239 1175 2320 primo
1200 2238 1313 2300 citatus
1336 2257 1400 2300 non
1415 2257 1502 2299 com·

239 2345 354 2427 paruit.

345 2450 423 2511 Item
448 2452 615 2512 Mortonos
639 2463 748 2512 contra
773 2449 910 2511 Jancech
930 2450 971 2511 ad
995 2465 1069 2512 octo
1094 2450 1162 2512 dies
1186 2451 1306 2532 recepit
1328 2450 1501 2512 terminum

239 2557 279 2618 ad
303 2556 576 2638 respondendum.

345 2662 423 2722 Item
447 2677 561 2724 octavo
586 2661 637 2722 die
662 2660 813 2723 AIsIchna
838 2675 948 2723 contra
966 2660 1076 2723 Sidam
1093 2681 1126 2722 se
1151 2662 1247 2722 tercia
1270 2661 1388 2723 iurabit
1411 2659 1501 2742 quod

239 2787 309 2829 eam
335 2787 400 2828 non
424 2768 626 2848 vituperavit.

345 2874 424 2934 Item
441 2874 608 2935 Mortonos
632 2886 741 2934 contra
759 2873 921 2935 Donatum
947 2873 988 2934 ad
1004 2887 1077 2934 octo
1095 2873 1163 2935 dies
1187 2874 1305 2955 recepit
1328 2873 1501 2935 terminum

238 2978 278 3039 ad
302 2980 573 3061 respondendum.

343 3085 421 3146 Item
454 3085 611 3147 Martinus
643 3099 753 3145 contra
785 3085 965 3146 Iohannem
998 3082 1124 3146 fabrum
1155 3086 1261 3166 primo
1293 3085 1405 3146 citatus
1435 3104 1502 3146 non

238 3191 429 3272 comparuit.

344 3297 422 3358 Item
446 3295 608 3358 Iohannes
630 3312 740 3358 contra
766 3296 877 3358 Obrad
902 3297 1093 3378 piscatorem
1117 3296 1259 3359 secundo
1296 3296 1410 3359 citatus
1434 3316 1501 3358 non

238 3402 428 3484 comparuit.

344 3508 422 3569 Item
440 3507 584 3569 Andreas
600 3522 786 3590 procurator
803 3509 933 3571 Thome
951 3508 1008 3571 filii
1027 3508 1176 3591 Giurgini
1194 3521 1303 3571 contra
1320 3508 1501 3571 Iohannem

238 3612 340 3675 filium
365 3613 442 3674 Iuan
467 3613 509 3674 ad
531 3627 605 3675 octo
630 3614 698 3676 dies
721 3615 842 3696 recepit
862 3616 1036 3677 terminum
1060 3616 1100 3677 ad
1124 3615 1396 3698 respondendum.

342 3720 421 3782 Item
445 3733 559 3781 octavo
576 3720 628 3782 die
645 3719 808 3782 Iohannes
830 3722 1031 3803 supradictus
1048 3735 1157 3783 contra
1182 3721 1321 3782 eundem
1338 3721 1501 3784 Andream

237 3839 477 3909 procuratorem
503 3826 634 3887 Marketi
661 3845 717 3907 per
748 3826 878 3888 Petrum
911 3826 1049 3907 juratum
1081 3827 1300 3888 testimonium
1325 3826 1500 3908 producere

238 3932 333 3994 debet
350 3932 383 3992 In
401 3951 451 4010 eo,
468 3933 555 4014 quod
573 3932 639 4014 ipse
653 3933 816 3995 Marketus
833 3933 893 3995 sibi
918 3933 950 3994 in
967 3933 1007 3993 III
1025 3933 1133 4014 pensis
1149 3933 1276 3994 debitor
1288 3933 1500 3996 remansisset.

342 4037 421 4098 Item
445 4056 539 4098 causa
571 4037 726 4099 Iohannis
758 4052 789 4099 et
820 4039 928 4099 Petras
954 4039 986 4100 in
1019 4036 1103 4100 facto
1135 4038 1369 4121 vituperiorum
1392 4052 1440 4100 est
1459 4037 1501 4100 ad

238 4156 310 4204 octo
335 4143 402 4204 dies
425 4142 466 4203 ad
489 4163 601 4225 pacem
625 4157 807 4225 prorogata.

343 4248 422 4309 Item
438 4261 552 4310 octavo
578 4249 629 4310 die
647 4249 788 4311 Obraam
806 4263 915 4310 contra
933 4250 972 4310 N.
989 4269 1046 4332 per
1061 4250 1137 4311 Iuan
1155 4250 1346 4331 cirnIngum,
1363 4248 1500 4333 Mykech

237 4352 373 4436 Kaplich
399 4368 429 4416 et
454 4355 582 4416 Petrum
606 4354 745 4436 juratum
768 4356 988 4418 testimonium
1011 4375 1106 4438 super
1130 4376 1169 4419 eo
1193 4355 1370 4437 producere
1394 4356 1500 4434 debet,

237 4459 327 4541 quod
352 4479 431 4523 uxor
455 4462 553 4543 ipsius
577 4462 621 4522 M.
646 4481 685 4524 eo
707 4475 864 4544 tempore,
896 4481 961 4543 quo
984 4463 1033 4523 'N.
1058 4481 1131 4523 cum
1163 4462 1231 4544 ipsa
1255 4462 1367 4524 debuit
1389 4461 1500 4525 testifi-

240 4583 324 4642 care,
348 4562 443 4628 iuerit
466 4587 541 4628 sana
565 4581 595 4629 et
618 4587 684 4628 non
702 4567 837 4646 infirma,
865 4587 942 4650 ymo
965 4569 1161 4630 tabernasset
1185 4568 1253 4650 ipsa
1276 4568 1329 4629 die
1352 4567 1500 4632 Crisano.

344 4671 421 4735 Item
446 4688 560 4736 octavo
584 4673 637 4735 die
661 4673 769 4735 Petras
792 4672 933 4735 carniIex
956 4687 1066 4736 contra
1082 4673 1263 4736 Iohannem
1285 4688 1318 4736 et
1337 4673 1377 4737 N.
1394 4687 1501 4736 sextus

303 4773 429 4858 iurabit,
461 4779 549 4860 quod
580 4779 612 4840 in
645 4778 823 4842 redditibus
854 4778 1043 4864 filarschyne
1071 4779 1118 4842 nii
1141 4779 1214 4863 plus
1244 4778 1407 4843 habuisset
1436 4777 1500 4841 nisi
