3488 5250
254 304 317 366 218
660 305 747 363 Anno
768 301 860 382 1362.
883 338 928 348 -
951 315 998 381 17,
1014 305 1108 382 junii.

360 515 437 577 Item
462 513 623 577 Vidonich
657 487 767 577 contra
799 513 936 577 Jancech
966 514 1072 597 primo
1096 513 1210 576 citatus
1241 532 1307 576 non
1332 514 1520 596 comparuit.

363 621 442 684 Item
465 621 591 683 Blasius
607 620 810 683 Bremennak
826 633 937 683 contra
953 621 1090 682 Paulum
1107 620 1245 682 condam
1262 619 1402 701 judicem
1415 619 1521 702 primo

254 729 369 791 citatus
392 748 458 790 non
482 728 673 810 comparuit.

361 852 439 914 Item
460 851 624 913 Fabianus
640 864 750 914 contra
774 851 939 914 Donatum
958 849 999 913 ad
1015 863 1089 913 octo
1113 849 1182 911 dies
1204 850 1323 932 recepit
1347 850 1520 912 terminum

254 958 295 1020 ad
317 958 591 1042 respondendum.

362 1082 441 1145 Item
465 1083 622 1144 Martinus
646 1094 755 1145 contra
787 1082 924 1144 Pousam
957 1081 1063 1164 primo
1087 1080 1201 1142 citatus
1232 1099 1298 1142 uon
1331 1081 1521 1163 comparuit.

361 1189 439 1251 Item
451 1189 603 1271 Dragona
618 1189 723 1270 primo
737 1188 850 1251 citatus
858 1201 968 1250 contra
985 1204 1118 1249 uxorem
1128 1186 1239 1247 Jacobi
1249 1205 1315 1248 non
1329 1187 1520 1269 comparuit.

361 1312 439 1375 Item
471 1332 565 1375 causa
597 1331 660 1394 que
689 1311 822 1374 vertitur
852 1311 934 1392 inter
958 1311 1066 1372 Petres
1097 1322 1128 1371 et
1164 1308 1359 1391 Gregorium
1383 1309 1424 1372 ad
1447 1324 1521 1374 octo

256 1417 323 1479 dies
347 1419 467 1501 recepit
490 1418 665 1480 terminum
688 1417 727 1479 ad
751 1416 1023 1500 respondendum.

361 1523 440 1585 Item
463 1525 571 1587 Petres
595 1536 704 1586 contra
736 1523 917 1585 Iohannem
940 1522 981 1585 ad
1005 1534 1079 1584 octo
1111 1521 1180 1583 dies
1204 1522 1323 1605 recepit
1346 1523 1520 1586 terminum

255 1628 295 1690 ad
321 1629 593 1712 respondendum.

363 1751 440 1813 Item
474 1753 549 1835 quia
581 1752 723 1835 Kyrinus
754 1765 865 1816 contra
897 1753 1034 1815 Paulum
1065 1754 1225 1816 sororIum
1257 1773 1351 1815 suum
1376 1752 1518 1834 quodam

254 1857 355 1919 modo
379 1858 412 1920 in
437 1858 557 1921 iudici0
582 1859 663 1921 iuter
686 1859 765 1921 alias
788 1860 860 1921 lites
888 1878 1015 1921 causam
1039 1859 1209 1942 capitalem
1234 1859 1423 1938 nominavit,
1446 1859 1521 1922 ideo

256 1982 385 2026 causam
410 1964 513 2046 ipsam
535 1966 576 2027 ad
600 1978 673 2027 octo
698 1965 766 2027 dies
787 1953 894 2027 taliter
922 1965 1072 2027 duxImus
1103 1980 1321 2048 prorogatam,
1346 1978 1380 2026 ut
1402 1965 1427 2027 si
1452 1985 1520 2027 mo·

254 2071 341 2132 vebit
364 2090 493 2133 causam
517 2071 686 2154 capitalem
710 2071 761 2133 vel
786 2071 855 2133 eius
878 2070 969 2134 cedet
992 2070 1211 2153 acquisIcioui.

359 2194 438 2257 Item
471 2196 627 2259 Martinus
658 2196 782 2278 Reyniz
814 2208 924 2258 contra
957 2195 1151 2257 Damianum
1184 2195 1290 2278 primo
1314 2196 1427 2258 citatus
1455 2215 1520 2258 non

255 2301 445 2383 comparuit.

359 2424 438 2487 Item
462 2439 577 2489 octavo
594 2426 646 2488 die
670 2426 789 2505 Peuce,
806 2426 1006 2507 Dragozlaus
1022 2439 1053 2489 et
1069 2425 1210 2489 Bedicha
1233 2440 1343 2502 contra
1361 2427 1517 2488 Jacobum

254 2531 412 2593 Kuzmich
436 2551 531 2615 super
555 2532 749 2615 quibusdam
767 2532 919 2595 arietibus
942 2547 973 2594 et
1002 2533 1167 2616 vituperiis
1190 2545 1425 2595 sacramentum
1449 2552 1520 2615 pre-

253 2650 335 2698 stare
359 2637 488 2701 debent.

222 2745 224 2748 ⁴
360 2743 438 2804 Item
456 2764 550 2806 causa
566 2744 656 2806 Bank
673 2758 703 2806 et
717 2745 842 2807 Nicolai
859 2744 899 2806 ad
916 2758 990 2807 octo
1008 2745 1076 2808 dies
1092 2757 1139 2808 est
1155 2745 1195 2807 ad
1212 2764 1324 2828 pacem
1337 2758 1520 2827 prorogata.

360 2866 438 2928 Item
463 2869 590 2930 Marcus
605 2881 721 2930 octavo
745 2867 797 2930 die
820 2887 854 2929 se
870 2882 977 2931 sextus
1003 2882 1113 2931 contra
1131 2870 1242 2931 Mareu
1266 2868 1299 2931 in
1323 2867 1408 2930 facto
1424 2867 1521 2929 unius

255 2991 363 3034 mense
388 2973 484 3036 debet
507 2994 539 3036 se
564 2993 751 3057 expurgare.

360 3097 438 3160 Item
463 3098 594 3160 Kokoth
618 3111 728 3161 contra
758 3097 896 3161 Viduam
928 3097 1070 3160 secundo
1099 3098 1213 3160 citatus
1239 3117 1304 3159 non
1330 3097 1519 3180 comparuit.

360 3203 438 3266 Item
463 3222 543 3265 uxor
566 3202 699 3285 Georgii
717 3205 813 3266 Zolar
836 3218 946 3268 contra
965 3205 1042 3266 Iuan
1059 3217 1090 3266 et
1112 3204 1181 3266 eius
1196 3203 1352 3265 tecicham
1369 3222 1402 3264 se
1419 3202 1516 3265 tercia

255 3309 286 3370 in
312 3309 477 3391 vituperiis
501 3309 598 3373 debet
620 3331 653 3372 se
678 3330 864 3394 expurgare.

359 3434 437 3497 Item
463 3433 608 3497 Thomas
631 3433 772 3518 Irenipar
794 3448 903 3497 contra
927 3435 1129 3498 Demetrium
1153 3435 1194 3496 ad
1217 3447 1290 3496 octo
1315 3433 1384 3495 dies
1399 3431 1519 3514 recepit

257 3541 430 3603 terminum
454 3540 494 3602 ad
519 3541 791 3623 respondendum.

359 3663 438 3725 Item
464 3664 581 3726 Paulus
615 3677 725 3726 contra
756 3683 900 3726 sororem
931 3683 1022 3726 suam
1053 3665 1196 3747 Vysnam
1228 3663 1365 3726 debebat
1397 3663 1519 3744 absque

254 3771 410 3833 citacione
435 3789 631 3853 comparere,
657 3784 688 3833 et
711 3790 777 3833 non
801 3771 898 3833 venit.
1276 3767 1278 3770 ⁴

360 3893 438 3955 Item
464 3892 591 3956 Cristsn
608 3894 848 3956 molendinator
870 3907 979 3956 contra
997 3893 1106 3957 Golob
1130 3906 1243 3956 octavo
1261 3893 1313 3955 die
1337 3911 1433 3975 super
1448 3910 1517 3953 ver·

254 4001 383 4062 boribus
406 4020 438 4061 se
463 4013 569 4062 sextus
592 4000 687 4061 debet
709 4019 743 4061 se
767 4019 953 4082 expurgare.

359 4122 437 4184 Item
462 4122 494 4183 in
519 4121 691 4203 quiudenis
719 4124 841 4206 Mykou
865 4143 963 4185 unam
995 4141 1134 4184 marcam
1160 4122 1256 4184 debet
1285 4122 1410 4184 solvere
1434 4124 1518 4184 Mar-

254 4229 391 4291 unkoni

360 4334 438 4396 Item
462 4347 576 4396 octavo
593 4332 646 4396 die
670 4333 747 4396 Iuan
765 4332 861 4415 judex
882 4334 977 4396 debet
994 4334 1099 4395 dicere
1116 4333 1195 4415 quid
1211 4333 1288 4396 scIet
1305 4333 1387 4395 iuter
1401 4334 1518 4417 Mykus

255 4455 286 4504 et
310 4440 399 4503 Iuan.

360 4565 437 4625 Item
462 4564 619 4626 Martinus
644 4564 767 4646 Reyniz
791 4577 900 4626 contra
924 4564 1095 4626 dominum
1120 4565 1251 4627 Petrum
1275 4564 1380 4650 primo
1405 4564 1518 4628 citatus

255 4688 321 4734 non
345 4670 534 4761 comparuit.
