3488 5250
666 346 864 424 Ann01362.
888 384 931 392 -
955 363 1004 426 14.
1028 350 1155 410 octobris.

382 558 579 640 Deputatum
603 559 690 619 enim
715 573 771 637 est,
795 574 830 620 ut
855 559 955 621 Petko
980 559 1019 620 de
1046 559 1139 621 vinea
1172 580 1228 621 sua
1252 561 1486 639 communitati,
1511 574 1541 622 et

276 663 349 725 loco
373 664 613 725 communitatis
637 665 746 726 comiti
770 665 908 746 presenti
937 679 968 726 et
999 663 1119 744 futuro,
1143 666 1272 747 singulo
1303 685 1388 727 anno
1419 682 1538 729 sextam

274 784 396 851 partem
421 769 487 830 vini
513 769 589 831 dare
612 784 767 832 teneatur.

379 875 455 936 Item
474 876 581 937 Petres
605 875 759 937 Johannis
782 889 813 937 et
836 877 989 938 Nicolaus
1005 897 1107 958 usque
1125 877 1304 958 quindenas
1320 878 1538 940 residuitatem

273 979 374 1042 debiti
391 1000 457 1042 non
476 982 575 1043 exacti
593 981 718 1063 exigere
736 983 915 1044 comuniter
939 997 1116 1061 teneantur,
1138 984 1193 1065 qui
1211 985 1235 1044 si
1254 984 1370 1065 aliquis
1386 984 1537 1065 negligat,

276 1086 316 1147 de
342 1087 437 1148 bonis
460 1088 597 1169 propriis
620 1089 721 1169 ipsam
747 1088 817 1148 aliis
840 1102 1008 1150 teneantur
1032 1088 1290 1172 adm(inistrare).

448 1303 544 1377 Faria
575 1315 671 1377 sexta
699 1310 855 1396 proxima
883 1317 963 1378 ante
990 1308 1110 1378 festum
1139 1310 1228 1379 beati
1259 1307 1355 1380 Galli.

795 1479 860 1554 (14.
884 1478 1026 1551 octobris).

378 1633 486 1694 Primo
512 1633 629 1695 Paulus
653 1647 763 1695 contra
787 1635 972 1715 Dragonam
997 1636 1102 1716 primo
1120 1635 1233 1696 citatus
1257 1655 1322 1697 non
1347 1638 1534 1720 comparuit.

377 1738 455 1800 Item
480 1741 624 1803 Andreas
657 1754 766 1802 contra
791 1741 927 1802 Bartuch
952 1741 992 1801 ad
1024 1756 1097 1802 octo
1122 1741 1190 1803 dies
1222 1743 1340 1824 recepit
1362 1744 1534 1805 terminum

272 1843 312 1905 ad
336 1845 609 1926 respondendum.

377 1953 455 2014 Item
481 1972 575 2015 causa
599 1973 662 2034 que
686 1954 819 2015 vertitur
842 1954 923 2015 inter
957 1955 1031 2015 Moz
1055 1968 1085 2014 et
1118 1954 1193 2015 Iuan
1220 1974 1275 2036 per
1298 1968 1393 2017 testes
1424 1956 1533 2016 estad

270 2074 344 2121 octo
369 2059 437 2121 dies
461 2059 500 2120 ad
527 2080 638 2140 pacem
667 2075 847 2141 prorogata.

375 2166 452 2226 Item
464 2166 579 2247 Mykus
588 2164 673 2227 filius
683 2166 811 2226 Martini
821 2179 929 2227 contra
941 2166 1020 2226 Wlk
1032 2166 1136 2248 primo
1147 2167 1259 2227 citatus
1269 2185 1333 2228 non
1344 2169 1532 2249 comparuit.

374 2271 452 2332 Item
477 2271 593 2352 Mylrus
616 2271 701 2331 lilius
724 2271 801 2332 luan
826 2285 939 2332 octavo
964 2272 1016 2332 die
1041 2291 1097 2353 per
1121 2271 1258 2354 Mykech
1285 2272 1434 2351 judicem,
1459 2274 1532 2335 Jan·

269 2376 344 2439 cech
370 2391 400 2438 et
424 2377 595 2437 Nicolaum
613 2390 721 2437 contra
740 2377 913 2438 Martinum
935 2377 1036 2438 lilium
1055 2377 1184 2460 Fynech
1200 2377 1420 2439 testimonium
1437 2398 1533 2461 super

269 2483 499 2564 evaginacione
524 2483 631 2543 bicelli
656 2482 833 2564 producere
858 2481 963 2559 debet,
988 2484 1013 2543 si
1039 2502 1104 2543 non
1133 2481 1393 2564 pacificabuntur.

374 2588 451 2648 Item
497 2608 591 2648 causa
623 2586 849 2668 produccionis
879 2588 1053 2649 testimonii
1090 2586 1244 2648 Iohannis
1274 2586 1330 2649 filii
1363 2589 1532 2652 Laurencii

267 2708 377 2756 contra
392 2694 572 2754 Marketum
586 2693 626 2752 ad
640 2692 778 2772 prImum
793 2692 947 2772 judicium
961 2692 1116 2754 adventus
1127 2693 1279 2775 Symonis
1292 2706 1337 2753 est
1350 2709 1530 2776 prorogata.

374 2799 452 2861 Item
479 2799 589 2859 Petrus
613 2799 704 2858 Zima
727 2812 836 2860 contra
862 2797 1038 2878 Georgium
1069 2798 1108 2859 ad
1142 2812 1214 2860 octo
1238 2798 1306 2859 dies
1330 2801 1448 2883 recepit
1469 2814 1530 2861 ter·

267 2907 392 2968 minum
417 2905 456 2965 ad
482 2903 756 2985 respondendum.

372 3011 450 3071 Item
464 3023 578 3070 octavo
589 3009 640 3069 die
659 3009 828 3071 Benedicta
843 3024 952 3071 contra
966 3010 1136 3071 Nicolaum
1154 3029 1209 3090 per
1223 3011 1422 3089 Barberium,
1433 3011 1529 3073 Dam-

168 3178 172 3184 ,
266 3117 399 3198 pianum
425 3129 455 3176 et
479 3113 616 3177 Cewech
648 3115 867 3176 testimonium
899 3136 994 3196 super
1019 3116 1175 3177 divisione
1207 3116 1322 3178 domus
1353 3116 1529 3199 producere

267 3224 372 3301 debet,
396 3235 427 3282 et
452 3241 468 3282 e
493 3238 647 3281 converso
679 3220 764 3282 idem
792 3221 944 3282 Nicolaus
975 3240 1030 3303 per
1054 3222 1244 3300 Matrinum,
1278 3222 1366 3282 Bank
1391 3234 1422 3283 et
1452 3223 1528 3287 Iuan

266 3329 387 3390 dictum
405 3326 591 3407 Ferkachyu
609 3326 827 3388 testimonium
853 3347 947 3408 super
964 3328 1227 3409 inpignoracione
1244 3327 1387 3389 eiusdem
1413 3328 1529 3391 domus

265 3434 421 3496 similiter.

371 3539 449 3600 Item
476 3559 568 3601 causa
600 3560 662 3621 que
694 3540 827 3602 vertitur
859 3541 940 3600 inter
972 3541 1087 3621 Mykus
1117 3553 1148 3600 et
1178 3540 1282 3601 Elium
1307 3555 1353 3602 est
1385 3541 1424 3602 ad
1455 3555 1528 3603 octo

229 3685 239 3702 .
266 3646 334 3706 dies
358 3645 397 3705 ad
423 3663 532 3725 pacem
563 3658 743 3727 prorogata.

372 3751 449 3811 Item
474 3751 550 3811 Iuan
576 3765 685 3812 contra
710 3750 871 3812 Andream
896 3751 1001 3832 primo
1025 3751 1137 3812 citatus
1161 3771 1224 3813 non
1251 3752 1439 3833 comparuit.

370 3856 447 3917 Item
471 3856 623 3917 Nicolaus
647 3856 816 3937 Zorpatich
835 3870 943 3917 contra
969 3856 1044 3917 Iuan
1070 3857 1136 3918 Beli
1156 3857 1195 3917 ad
1220 3871 1293 3918 octo
1318 3857 1386 3917 dies
1409 3858 1528 3940 recepit

264 3963 437 4024 terminum
462 3961 502 4021 ad
527 3962 798 4043 respondendum.

369 4068 447 4128 Item
472 4067 583 4128 Petrus
606 4081 715 4129 contra
740 4068 883 4129 relictam
909 4067 1052 4128 Pezdech
1077 4068 1116 4128 ad
1142 4082 1214 4129 octo
1232 4067 1300 4127 dies
1324 4067 1442 4150 recepit
1465 4079 1527 4129 ter·

263 4173 387 4235 minum
412 4172 453 4232 ad
477 4173 748 4254 respondendum.

369 4278 446 4338 Item
483 4292 596 4340 octavo
632 4278 684 4339 die
720 4279 855 4340 lancech
901 4293 1009 4339 contra
1047 4279 1214 4340 Mortonos
1252 4278 1435 4339 sellatoreur
1470 4297 1526 4360 per

264 4382 395 4461 Trosth,
418 4381 521 4444 filium
546 4384 716 4465 Dampiani
747 4399 777 4445 et
801 4383 914 4446 Cusilo
935 4404 1107 4465 preconem
1131 4404 1226 4466 super
1250 4384 1416 4464 vituperiis
1439 4385 1527 4446 testi-

264 4488 410 4548 monium
435 4489 611 4570 producere
636 4489 741 4552 debet.
874 4491 877 4494 ’

369 4596 445 4657 Item
471 4617 563 4658 causa
588 4616 651 4678 que
675 4597 806 4658 vertitur
824 4597 905 4658 inter
928 4597 1033 4658 Eliam
1057 4611 1088 4658 et
1111 4597 1216 4658 Vanse
1241 4596 1343 4658 estad
1366 4610 1440 4658 octo
1457 4595 1526 4656 dies

262 4703 303 4764 ad
327 4722 437 4784 pacem
463 4717 643 4786 prorogata.

367 4807 446 4869 Item
469 4808 580 4869 Petrus
612 4822 722 4869 contra
746 4809 939 4880 Zrebernam
971 4808 1076 4890 primo
1100 4807 1214 4869 citatus
1243 4824 1308 4869 non
1332 4806 1522 4889 comparuit.
