3488 5250
234 338 295 402 302
621 312 821 400 Ann01363.
848 356 888 368 -
912 337 962 400 ²5·
986 324 1113 397 augusti.

331 530 416 597 sltem
440 551 535 598 causa
558 533 658 602 decan
682 547 713 594 et
737 515 866 596 Andree
890 552 926 595 ac
940 533 1064 594 ‘Jacobi
1097 546 1144 595 est
1167 532 1207 594 ad
1224 546 1305 595 octo
1330 532 1398 602 dies
1423 529 1496 615 pro-

232 649 345 718 rogata
367 637 407 699 ad
432 657 554 720 pacem.

336 743 414 805 Item
438 744 604 806 Farcssius
627 741 716 805 faber
739 756 849 806 contra
873 743 977 805 Eliam
1002 743 1229 805 stacionsrium
1252 743 1357 826 primo
1378 744 1493 806 citatus
1537 795 1541 801 .

231 867 295 910 non
321 849 511 930 comparuit.

337 957 416 1018 Item
450 955 615 1017 Emericus
646 955 794 1018 sacerdos
826 967 935 1023 contra
968 956 1113 1017 Markam
1146 954 1251 1038 primo
1282 956 1396 1018 citatus
1430 975 1496 1018 non
1588 1040 1590 1044 μ

231 1075 421 1143 comparuit.

337 1167 415 1229 Item
439 1168 546 1250 Matey
571 1181 680 1228 contra
705 1167 749 1230 St.
775 1167 880 1248 primo
904 1167 1019 1228 citatus
1043 1188 1108 1230 non
1133 1168 1321 1251 comparuit.

286 1405 380 1499 Nola,
400 1404 493 1484 feria
520 1412 620 1480 sexta
648 1408 803 1495 proxima
824 1414 909 1495 post
936 1405 1057 1485 festum
1086 1407 1175 1480 beati
1205 1404 1442 1489 bartholomei,

748 1560 811 1634 (25.
834 1557 976 1634 angues).

330 1696 446 1758 ·PrImo
470 1716 563 1759 causa
587 1697 664 1759 Iuan
690 1697 853 1778 cirologici
871 1711 902 1760 et
924 1698 1050 1759 Nicolai
1068 1697 1199 1759 Jurizlai
1224 1696 1264 1758 ad
1282 1696 1421 1779 primum
1446 1695 1494 1777 ju·

231 1801 351 1863 dicium
376 1801 533 1864 adventus
556 1803 656 1885 ipsius
678 1803 755 1865 Inan
780 1803 813 1864 In
837 1804 1027 1885 ngrabiam
1051 1817 1097 1865 est
1121 1816 1301 1886 prorogata.

329 1908 415 1970 ¹Item
442 1909 607 1972 Emericus
629 1910 777 1972 sacerdos
798 1923 907 1971 contra
925 1909 1096 1972 Nicolaum
1118 1928 1255 1991 parvum
1271 1908 1310 1970 ad
1335 1922 1409 1970 octo
1427 1908 1495 1970 dies

231 2015 352 2098 recepit
374 2014 546 2078 terminum
571 2016 799 2097 respondendi.

337 2122 415 2183 Item
449 2135 563 2183 octavo
595 2122 646 2182 die
680 2119 840 2202 Georgius
871 2120 1019 2183 sacerdos
1050 2134 1159 2181 contra
1191 2118 1236 2181 St.
1269 2118 1407 2199 juratum
1439 2138 1495 2201 per

230 2226 357 2290 Mikech
383 2227 605 2290 testimonium
629 2246 791 2308 supereo,
816 2226 904 2308 quod
918 2225 1084 2308 quoddam
1101 2222 1211 2286 fenum
1235 2224 1363 2285 emisset
1386 2223 1426 2285 ab
1444 2243 1494 2303 eo,

229 2332 450 2394 testimonium
476 2332 641 2414 producet.

336 2439 412 2499 Item
439 2457 531 2499 causa
556 2438 685 2499 Martini
710 2436 782 2498 ruffi
816 2450 846 2497 et
870 2437 946 2498 Iuan
979 2451 1025 2500 est
1056 2437 1096 2498 ad
1120 2451 1193 2498 octo
1226 2436 1294 2498 dies
1317 2435 1357 2498 ad
1380 2455 1493 2518 pacem

229 2558 409 2626 prorogato.

336 2648 414 2710 Item
439 2648 638 2730 Dampianus
662 2661 694 2710 et
709 2647 794 2709 lilius
818 2648 887 2710 eius
910 2649 1014 2731 primo
1032 2648 1119 2710 citati
1144 2661 1253 2710 contra
1279 2646 1492 2708 Laurentium

228 2772 296 2815 non
321 2767 579 2836 comparuerunt.

334 2859 413 2920 Item
437 2859 611 2920 modernus
634 2859 729 2940 judex
747 2859 786 2921 de
804 2874 933 2921 centum
957 2860 1082 2937 marcis,
1099 2879 1155 2941 per
1179 2878 1253 2921 eum
1277 2878 1294 2919 s
1319 2858 1492 2920 comitibus

229 2965 347 3026 nostris
371 2965 516 3044 receptis,
547 2964 746 3026 debitoribus
778 2966 1016 3027 communitatis
1040 2966 1071 3027 in
1105 2965 1281 3048 quantitate
1308 2982 1492 3027 marearum

228 3069 368 3152 ipsarum
393 3068 572 3131 satisfacere
597 3070 757 3132 tenebitur
781 3085 815 3132 ut
838 3072 1016 3153 assumpsit.

335 3174 413 3236 Item
438 3194 529 3236 causa
558 3173 706 3257 Gregorii
731 3176 848 3238 sutoris
880 3190 911 3239 et
928 3177 1053 3238 ¹Donati
1084 3176 1193 3237 estad
1226 3173 1338 3237 feriam
1361 3177 1491 3250 terciam

230 3280 270 3341 ad
295 3280 489 3342 relacionem
515 3280 660 3362 Dragech
685 3281 819 3363 hospitis
842 3281 881 3343 de
906 3283 977 3344 vico
1002 3283 1189 3344 Latinorum
1213 3296 1394 3364 prorogata.

335 3386 411 3447 Item
437 3386 545 3446 Endre
569 3400 679 3448 contra
703 3388 874 3449 NIcoIaum
908 3389 1073 3470 quondam
1097 3387 1237 3468 judicem
1261 3387 1301 3449 ad
1325 3402 1400 3450 octo
1424 3388 1492 3451 dies

227 3493 401 3554 terminum
427 3492 545 3574 recepit
569 3492 796 3575 respondendi.

336 3597 412 3659 Item
440 3598 602 3659 Jolrannes
625 3597 896 3661 filiusLaurencii
920 3600 1025 3681 prImo
1046 3601 1159 3663 citatus
1183 3615 1292 3665 contra
1316 3601 1491 3665 Martinum

128 3725 130 3730 ·
222 3702 401 3786 'Wllrouoy
425 3723 491 3765 non
515 3705 703 3786 comparuit.

336 3808 413 3870 Item
438 3809 582 3871 Andreas
606 3808 694 3871 faber
730 3825 839 3872 contra
871 3812 978 3894 Matey
1009 3825 1150 3873 sutorem
1182 3812 1222 3873 ad
1246 3826 1319 3874 octo
1343 3812 1412 3874 dies
1442 3832 1491 3875 re·

230 3914 314 3996 cepit
335 3916 509 3976 terminum
534 3916 761 3995 respondendi

335 4019 412 4081 Item
437 4020 621 4103 Merclynus
645 4020 785 4085 carnifex
808 4023 913 4103 prImo
945 4024 1057 4084 citatus
1088 4038 1196 4084 contra
1220 4024 1324 4106 Ipsum
1349 4038 1491 4087 sutorem

231 4144 297 4186 non
321 4127 509 4209 comparuit.
1411 4132 1415 4139 “

323 4230 412 4293 ¹Item
438 4232 547 4294 Golob
571 4233 688 4294 mIInar
710 4235 816 4317 primo
847 4234 960 4296 citatus
991 4249 1099 4296 contra
1124 4235 1303 4297 Iohannem
1335 4235 1490 4299 archidia-

229 4353 348 4397 conum
372 4337 412 4398 de
436 4337 540 4400 Vaslra
564 4358 628 4400 non
653 4341 843 4421 comparuit.
1476 4358 1481 4362 ·

334 4441 412 4503 Item
437 4444 547 4505 Maren
573 4442 712 4506 carnifex
737 4460 848 4507 contra
872 4445 1001 4507 Iusnsm
1033 4446 1072 4506 ad
1098 4461 1170 4508 octo
1195 4447 1263 4508 dies
1286 4447 1406 4531 recepit
1428 4462 1492 4511 ter·

228 4545 353 4608 minum
378 4549 604 4630 respondendi.

334 4652 411 4714 Item
437 4653 523 4716 idem
548 4656 659 4717 Maren
691 4669 800 4718 contra
832 4657 966 4719 Paulam
998 4658 1145 4720 slmiliter
1168 4658 1208 4720 ad
1239 4674 1312 4723 octo
1335 4659 1406 4722 'dies
1427 4672 1491 4724 ter·

227 4755 353 4819 minum
377 4760 496 4841 recepit
525 4760 752 4844 respondendi.
