3488 5250
719 345 805 400 Anno
829 354 915 420 1355.
940 378 983 386 —
1007 340 1060 403 26.
1078 344 1170 419 junii.

443 452 604 457 --.—
1220 450 1257 455 —
1296 451 1321 454 —
1359 450 1467 456 —-—.
1509 451 1579 458 ..—

420 555 496 616 Item
519 555 601 615 Iwan
630 554 721 615 Drazi
747 568 856 616 contra
882 553 1018 614 I'aqum
1035 553 1139 634 ptimo
1160 553 1273 614 citatus
1297 572 1361 614 non
1387 554 1576 635 comparuit.

419 658 500 722 Item
525 661 632 721 Petres
664 659 814 739 carnifex,
844 658 884 722 G.
917 659 998 720 Zuik
1030 672 1061 720 et
1093 656 1231 719 Muncch
1255 659 1360 740 prImo
1394 659 1479 720 citati
1512 678 1577 720 non

313 780 562 848 comparuerunt
587 779 696 827 contra
721 766 897 828 Henricum
923 779 954 827 et
977 778 1086 826 contra
1111 765 1216 826 Vanae
1240 764 1396 827 similiter.

418 873 495 933 Item
528 891 606 934 uxor
637 873 719 933 Vole
752 872 847 934 debet
877 871 1097 933 testimonium
1129 870 1305 952 producere
1337 889 1410 931 cum
1443 870 1574 931 domina

314 993 459 1041 consorte
484 979 530 1040 St.
555 978 647 1059 jurati
672 991 703 1040 et
728 998 825 1040 uxore
851 977 961 1040 Goech
986 991 1094 1039 contra
1119 976 1257 1038 Hemam
1282 996 1376 1058 super
1399 975 1483 1038 facto
1507 996 1577 1058 pre·

314 1085 479 1146 cussionis.

422 1190 497 1251 Item
523 1191 562 1252 N.
587 1189 712 1251 Cordar
736 1203 845 1251 contra
871 1190 1034 1251 Martonos
1058 1188 1239 1250 sellatorem
1264 1187 1316 1249 die
1340 1200 1453 1249 octavo
1478 1186 1574 1250 debet

314 1295 517 1377 respondere.

420 1401 496 1461 Item
511 1400 728 1462 Lancholotus
740 1413 849 1462 contra
864 1401 1013 1462 Velinum
1027 1400 1169 1461 secundo
1183 1400 1296 1460 citatus
1309 1420 1373 1461 non
1389 1402 1576 1483 comparuit.

420 1507 497 1568 Item
509 1506 646 1568 Michael
663 1520 751 1568 sutor
760 1520 869 1568 contra
886 1507 1048 1567 Andream
1059 1507 1163 1588 primo
1181 1506 1293 1567 citatus
1307 1526 1371 1567 non
1389 1508 1577 1588 comparuit.

410 1611 496 1686 ,Item
521 1612 650 1690 Paulus,
673 1611 758 1673 filius
782 1612 954 1692 Leunardi,
979 1626 1087 1673 contra
1116 1612 1312 1673 Domianum
1336 1613 1441 1694 primo
1465 1613 1577 1674 citatus

314 1736 378 1778 non
403 1718 591 1800 comparuit.

420 1823 497 1884 Item
530 1824 667 1885 Jacobus
691 1824 895 1906 apotekarius
918 1837 1027 1886 contra
1052 1824 1231 1885 Iohannem
1256 1843 1447 1886 assessorem
1472 1824 1577 1906 primo

314 1930 426 1991 citatus
450 1950 515 1991 non
544 1931 733 2013 comparuit.

419 2037 496 2097 Item
528 2037 606 2098 Wlk
640 2037 692 2098 die
724 2051 839 2098 octavo
871 2036 966 2098 debet
998 2037 1100 2118 jurare
1133 2037 1316 2098 mettercius
1347 2049 1457 2098 contra
1481 2037 1577 2114 Iwan,

312 2141 414 2204 fiIIum
440 2143 559 2220 iurem,
585 2162 680 2225 super
705 2141 788 2203 facto
811 2143 1035 2224 percussionis.

419 2250 497 2311 Item
521 2248 701 2310 Jursinicha
736 2262 845 2309 contra
877 2248 1020 2310 relictam
1053 2247 1203 2308 Bratheni
1229 2249 1370 2309 secundo
1395 2249 1487 2309 citata
1511 2267 1576 2309 non

313 2356 502 2437 comparuit.

421 2461 498 2522 Item
522 2459 674 2521 Anchech
708 2459 868 2522 aurifaber
900 2474 1009 2522 contra
1041 2461 1192 2541 Magdam
1223 2481 1354 2523 uxorem
1380 2463 1493 2543 Artng
1524 2461 1576 2523 die

313 2579 426 2628 octavo
451 2546 547 2628 debet
570 2564 774 2648 respondere.

419 2672 496 2733 Item
522 2673 624 2732 Lucas
647 2685 736 2732 sutor
768 2684 876 2733 contra
901 2672 1006 2734 Anthe
1035 2673 1138 2755 prImo
1163 2673 1275 2734 citatus
1299 2693 1364 2733 non
1388 2673 1576 2754 comparuit.

418 2778 496 2839 Item
521 2777 685 2856 Nicolaus,
709 2777 793 2838 filius
815 2778 982 2857 ValterIni‚
1006 2779 1039 2840 in
1068 2778 1239 2859 quindenis
1262 2778 1357 2840 debet
1380 2779 1503 2840 solvere
1528 2799 1575 2839 re-

313 2883 386 2944 Iicte
411 2885 560 2945 JurItonis
585 2883 611 2946 C
637 2883 795 2946 denarios.

419 2990 496 3051 Item
522 2990 640 3051 Paulus
671 2990 781 3051 SmIna
814 3004 923 3052 contra
957 2991 1147 3053 Michaelem
1179 2992 1387 3070 sacerdotem,
1419 3005 1575 3053 rectorem

311 3096 443 3157 ecclesie
468 3097 558 3158 beate
583 3097 770 3177 Margarete,
794 3097 898 3179 primo
923 3097 1035 3158 citatus
1059 3117 1124 3159 non
1149 3098 1337 3179 comparuit.

418 3203 496 3265 Item
522 3203 630 3264 relicta
653 3202 762 3265 Jacobi
801 3204 851 3264 die
885 3216 998 3264 octavo
1030 3203 1126 3265 debet
1157 3205 1333 3286 producere
1356 3203 1575 3264 testimonium

312 3327 481 3391 supereo,
507 3309 594 3389 quod
619 3309 728 3370 Andre
752 3329 807 3370 sua
832 3311 1019 3371 auctoritate
1037 3308 1156 3371 furtum
1182 3311 1212 3370 in
1231 3310 1329 3371 domo
1354 3328 1410 3370 sua
1427 3309 1575 3391 quesivit.

417 3416 494 3476 Item
520 3415 631 3475 Maren
656 3415 707 3476 die
732 3428 845 3477 octavo
877 3416 972 3477 debet
1003 3415 1105 3495 jurare
1138 3417 1335 3497 metquintus
1365 3430 1473 3477 contra
1499 3415 1573 3476 Em-

312 3522 413 3583 ricum
438 3520 616 3582 carnificem
643 3541 737 3603 super
768 3543 818 3600 eo,
855 3523 942 3604 quod
964 3523 1030 3605 ipse
1055 3538 1127 3585 ante
1159 3524 1418 3605 persecucionem
1451 3521 1573 3583 domini

313 3627 413 3704 ducis,
438 3627 600 3709 predictus
625 3628 770 3688 Emricus
794 3629 835 3689 ab
859 3629 973 3690 eodem
998 3630 1113 3710 pignus
1138 3649 1202 3691 non
1227 3630 1347 3710 petivit.
1446 3671 1448 3674 >

418 3733 495 3793 Item
528 3753 620 3794 causa
638 3752 700 3814 que
718 3735 849 3795 vertitur
863 3735 944 3796 inter
960 3735 1129 3796 dominum
1147 3735 1284 3813 Mikech‚
1301 3734 1403 3796 filium
1420 3733 1574 3810 Franche‚

312 3853 463 3917 actorem,
488 3852 518 3899 et
543 3838 687 3901 Michech
722 3838 824 3900 filium
857 3840 985 3901 Martini
1010 3841 1049 3901 ad
1080 3840 1385 3902 determinacionem
1418 3854 1449 3900 et
1471 3839 1573 3900 discu-

312 3947 437 4008 cionem
462 3946 562 4027 ipsius
586 3965 678 4006 cause
703 3945 744 4006 ad
768 3946 853 4007 diem
879 3960 1028 4007 octavum
1053 3960 1099 4008 est
1122 3961 1303 4029 prorogata.

419 4051 494 4112 Item
521 4050 693 4133 supradicti
718 4067 957 4134 assumpserunt
981 4073 1012 4113 se
1041 4067 1071 4113 et
1094 4052 1332 4114 fideiubuerunt
1355 4073 1413 4134 pro
1438 4050 1572 4113 familia·

311 4159 399 4219 ribus
431 4158 507 4236 suis,
539 4158 563 4218 si
597 4158 669 4239 quis
699 4179 771 4241 pars
802 4158 931 4219 adversa
965 4178 1061 4219 manu
1094 4179 1125 4218 sc
1160 4159 1364 4219 intromiserit
1398 4160 1457 4219 sub
1492 4177 1574 4239 pena

312 4264 544 4344 quinquaginta
569 4283 746 4326 marcarum
770 4265 849 4325 alter
873 4265 911 4324 ad
935 4264 1069 4325 alterum
1095 4279 1125 4325 et
1154 4265 1235 4325 inter
1259 4265 1345 4345 Ipsos
1369 4265 1464 4325 solos.

417 4369 494 4431 Item
520 4371 636 4430 Katrea
659 4371 767 4431 relicta
792 4371 901 4431 iacobi
927 4370 1072 4451 pellificis
1089 4371 1140 4432 die
1158 4385 1271 4432 octavo
1290 4371 1385 4431 debet
1409 4369 1572 4431 mettercia

312 4473 414 4554 jurare
439 4488 546 4535 contra
571 4475 732 4536 Andream
757 4496 852 4558 super
875 4475 958 4537 facto
982 4475 1078 4538 furtu.

417 4580 493 4642 Item
519 4581 636 4659 Petres,
662 4581 701 4643 G.
727 4581 876 4660 Monech,
902 4581 1129 4663 Kupunouich,
1157 4581 1354 4661 Kerstenich‚
1381 4581 1572 4644 Rettkouich

313 4698 420 4746 contra
456 4687 583 4748 Mikech
618 4687 755 4749 condam
788 4687 927 4768 judicem
951 4700 981 4750 et
1006 4689 1090 4749 Lack
1121 4688 1226 4770 primo
1261 4688 1345 4750 citati
1383 4707 1448 4750 non
1485 4708 1572 4751 com-

312 4805 495 4871 paruerunt.
