3488 5250
630 363 715 419 Anno
740 372 826 436 1355.
851 395 892 402 —
918 375 966 438 14.
991 364 1117 433 augusti.

373 569 448 629 Item
474 570 587 630 Zobko
605 583 713 632 contra
733 570 777 632 St.
796 590 985 631 assessorem
1002 570 1107 652 primo
1125 571 1238 632 citatus
1251 591 1316 632 non
1341 573 1531 654 comparuit.

373 675 449 736 Item
482 696 574 736 causa
607 675 758 737 Anchech
799 690 828 736 et
860 676 1010 737 Lucachii
1041 697 1142 758 usque
1182 676 1269 738 diem
1301 690 1449 739 octavum
1491 677 1531 739 ad

268 800 378 863 pacem
405 795 450 842 est
474 795 655 863 prorogata.

375 888 451 948 Item
476 887 572 965 iwan,
597 886 681 949 filius
705 887 888 968 Dragozlai,
922 901 1029 948 contra
1062 892 1170 971 Arney
1195 888 1299 971 primo
1330 889 1443 951 citatus
1467 908 1532 950 non

269 994 458 1074 comparuit.

321 1213 415 1289 Nota.
444 1213 530 1301 quod
559 1213 644 1285 feria
672 1221 770 1284 sexta
799 1221 876 1284 ante
903 1214 1025 1284 festum
1054 1216 1298 1303 assumpcionis
1326 1215 1470 1303 virginis

822 1336 977 1424 gloriose.

786 1489 849 1567 (14.
873 1488 1015 1561 augusti).

374 1630 482 1690 Primo
518 1627 602 1689 iwan
639 1626 759 1688 Pluzna
801 1641 909 1688 contra
946 1626 1097 1708 Braysam
1138 1627 1240 1708 prima
1276 1627 1431 1688 citacione
1466 1647 1532 1688 non

268 1736 456 1818 comparuit.

373 1841 449 1902 item
474 1839 584 1922 Zydak
609 1839 648 1900 ad
673 1839 858 1920 quindecim
883 1838 951 1898 dies
974 1850 1100 1899 tenetur
1124 1837 1246 1898 solvere
1271 1838 1366 1899 Petro
1390 1840 1530 1921 piliatori

269 1948 355 2008 Lxx
379 1946 527 2007 denarios
551 1959 581 2006 et
605 1964 706 2005 unum
732 1944 882 2006 baculum
908 1944 947 2004 de
971 1963 1058 2025 sepo.

374 2051 451 2113 Item
474 2070 567 2112 causa
593 2051 715 2128 Jacobi,
731 2048 788 2111 filii
815 2047 1003 2130 Pintikachy
1020 2061 1052 2110 et
1074 2048 1113 2110 N.
1131 2047 1284 2110 aurifabri
1308 2049 1347 2110 ad
1372 2063 1445 2110 octo
1463 2050 1531 2111 dies

270 2157 379 2219 estad
404 2177 515 2239 pacem
540 2169 675 2238 recepta.

374 2263 451 2324 item
477 2261 616 2324 Gerinus
632 2275 741 2322 contra
759 2259 901 2322 Kussech
918 2259 1057 2321 secunda
1082 2259 1237 2321 citatione
1255 2278 1319 2320 oon
1343 2259 1532 2342 comparuit.

373 2370 450 2431 Item
477 2368 649 2450 Endreyiro
674 2378 782 2428 contra
800 2366 943 2427 Kussech
960 2366 1063 2447 prima
1084 2365 1239 2426 citacione
1260 2385 1325 2427 non
1344 2366 1533 2448 comparuit.

374 2475 450 2535 Item
475 2475 586 2534 Petrus
610 2472 705 2534 Zolar
729 2484 838 2532 contra
861 2471 900 2532 N.
925 2471 1075 2553 pistorem
1101 2469 1141 2530 ad
1158 2471 1217 2532 XV
1242 2470 1309 2531 dies
1332 2483 1458 2532 tenetur
1474 2470 1530 2532 ad-

269 2582 385 2643 ducere
408 2579 639 2641 testimonium.

375 2690 451 2748 item
476 2685 648 2767 Endreyko
672 2695 781 2744 contra
806 2682 968 2744 Donatum
993 2681 1097 2763 primo
1122 2680 1235 2742 citatus
1262 2699 1327 2741 non
1341 2683 1531 2764 comparuit.
1554 2713 1557 2719 ⁴

374 2793 451 2854 item
477 2789 592 2852 Mench
617 2802 726 2850 contra
748 2788 890 2870 Pyukam
908 2786 1011 2868 prima
1034 2786 1189 2847 citacione
1207 2805 1270 2847 non
1296 2789 1485 2870 comparuit.

374 2899 452 2961 Item
477 2895 674 2977 Margaretha
699 2908 808 2956 contra
832 2894 970 2955 Vinkam
988 2893 1130 2954 relictam
1156 2892 1200 2957 St.
1225 2893 1335 2955 Kroati
1360 2894 1464 2976 primo
1490 2895 1531 2956 ci-

268 3019 331 3067 tata
371 3024 434 3065 non
460 3002 648 3084 comparuit.

375 3110 452 3170 Item
477 3107 622 3168 Thomas
638 3118 738 3167 sartor
762 3118 870 3166 contra
889 3104 1067 3166 Johannem
1086 3102 1193 3165 Ordos
1209 3104 1314 3184 primo
1330 3104 1442 3166 citatus
1466 3126 1530 3168 non

270 3214 459 3297 comparuit.

375 3320 451 3380 Item
479 3316 609 3379 Gabriel
633 3329 744 3378 contra
768 3314 937 3377 dominum
963 3315 1007 3376 M.
1037 3314 1140 3375 filium
1165 3314 1290 3392 Hench,
1320 3316 1422 3397 prima
1456 3318 1531 3380 cita·

270 3425 362 3487 cione
387 3443 452 3485 non
477 3421 666 3503 comparuit.

374 3531 453 3591 Item
480 3528 631 3609 Kukuiyn
656 3539 765 3588 contra
791 3525 907 3587 Sinech
931 3525 1033 3608 prima
1065 3526 1218 3587 citacione
1247 3545 1311 3587 non
1342 3530 1529 3608 comparuit.

376 3635 453 3695 item
486 3653 577 3694 causa
620 3651 682 3713 que
722 3630 852 3692 vertitur
889 3631 969 3691 inter
1001 3631 1212 3713 Meynardum
1249 3644 1280 3691 et
1311 3631 1529 3696 chhkonem

271 3741 461 3823 piscatorem
486 3737 526 3798 ad
550 3749 623 3798 octo
647 3737 715 3798 dies
739 3748 785 3797 est
808 3734 848 3796 ad
872 3754 984 3816 pacem
1008 3749 1188 3817 prorogata.

377 3844 454 3905 Item
487 3842 588 3903 Zidak
621 3856 729 3903 contra
762 3839 996 3921 Margaretham
1026 3839 1250 3923 Golobycham
1283 3844 1387 3925 primo
1419 3845 1531 3906 citatus

272 3969 336 4010 non
361 3948 550 4030 comparuit.

380 4054 457 4114 item
482 4053 569 4114 Bene
593 4064 703 4115 contra
726 4049 820 4113 luech
843 4053 946 4134 primo
971 4053 1083 4113 citatus
1107 4072 1171 4113 non
1196 4055 1384 4136 comparuit.

377 4160 453 4220 item
480 4158 635 4218 Martinus
665 4158 795 4218 sellator
826 4157 866 4218 ad
902 4171 975 4219 octo
1006 4158 1073 4219 dies
1104 4159 1323 4221 testimonium
1356 4163 1532 4243 producere

271 4263 390 4344 (debet)
414 4277 523 4324 contra
548 4263 699 4324 tularium
724 4276 755 4323 et
777 4282 910 4324 uxorem
934 4283 1025 4324 suam
1049 4283 1143 4345 super
1166 4264 1341 4345 vituperiis.

377 4369 451 4429 Item
479 4368 644 4446 Martinus,
675 4367 760 4430 filius
782 4368 961 4451 Wlkouoy,
994 4383 1103 4430 contra
1127 4369 1289 4431 Donatum
1322 4372 1463 4433 secundo
1487 4374 1533 4435 ci-

272 4488 356 4535 tatus
379 4493 443 4534 non
469 4474 658 4555 comparuit.

379 4579 454 4639 Item
480 4580 523 4640 M.
548 4578 632 4640 filius
668 4578 703 4640 L.
737 4591 863 4640 tenetur
893 4579 933 4640 ad
965 4592 1037 4641 octo
1061 4578 1129 4640 dies
1160 4579 1234 4642 dare
1265 4581 1405 4643 balteum
1430 4584 1531 4647 Paulo

273 4683 384 4766 pictori
409 4684 477 4746 sine
501 4684 608 4765 aliqua
632 4683 779 4766 pecunia.
1454 4761 1455 4767 ἵ

279 4839 283 4846 .
378 4788 455 4851 item
479 4788 658 4868 iohannes,
689 4809 788 4870 gener
819 4788 1007 4867 Pintikach,
1041 4789 1083 4850 ad
1113 4802 1186 4853 octo
1218 4791 1287 4853 dies
1309 4794 1533 4856 metsecundus
