3488 5250
584 334 783 415 Anno1356.
809 369 849 380 -
873 350 925 411 29.
954 337 1124 395 novembris.
1444 351 1483 414 71

436 446 590 453 ———.-—-—
598 445 736 449 -.-——-·-
756 442 955 448 ——-—---
1069 442 1182 446 ——.

226 448 391 458 -,-..-..

330 550 410 614 ltem
434 542 537 611 Piuka
562 562 592 611 et
617 548 729 610 Zoblto
753 560 863 608 contra
888 546 999 607 Mareu
1027 543 1208 606 carnificem
1232 543 1374 606 secundo
1397 541 1486 603 citati

225 675 292 718 non
317 667 574 737 comparuerunt.

331 760 410 822 Item
435 760 579 821 Marketo
604 770 714 819 contra
732 757 775 820 M.
796 753 898 818 filium
919 755 1079 817 Leunardi
1105 756 1144 816 ad
1169 755 1308 837 primum
1333 753 1490 836 judicium

226 866 346 948 recepit
370 864 544 927 terminum
567 862 608 924 ad
637 860 911 944 respondendum.

331 988 410 1050 Item
433 986 511 1049 lusu
537 985 640 1067 Galga
664 998 773 1046 contra
798 985 930 1045 luanam
946 983 1052 1066 primo
1077 984 1198 1044 iudicio
1220 996 1346 1045 tenetur
1370 982 1491 1066 produ·

227 1114 298 1156 cere
321 1093 543 1156 testImonium
566 1111 661 1174 supet
684 1090 861 1172 vituperiis.

333 1201 410 1261 Item
434 1199 519 1271 fillus
543 1197 704 1261 Christine
728 1212 838 1259 contra
855 1196 1029 1278 Comparia
1054 1196 1159 1278 ptimo
1184 1195 1297 1257 citatus
1321 1213 1385 1256 non
1403 1213 1492 1256 com·

226 1307 341 1389 paruit.

334 1412 411 1473 Item
436 1411 575 1491 quedam
600 1409 717 1470 mulier
740 1408 845 1489 ptimo
869 1407 988 1487 judicio
1021 1427 1077 1490 per
1100 1406 1296 1469 Chuclinum
1330 1421 1360 1468 et
1389 1406 1490 1468 maio·

227 1537 295 1579 rem
320 1516 449 1579 Malhen
474 1530 599 1577 tenetur
622 1514 799 1597 producere
828 1514 1048 1575 testimonIum
1080 1527 1189 1574 contra
1214 1512 1343 1574 Malhen
1367 1512 1489 1573 dictum

230 1623 377 1685 Leuacha
401 1641 496 1704 super
519 1620 694 1703 vituperiis.

334 1747 412 1807 ltsm
435 1746 538 1807 Pausa
562 1759 672 1807 contra
690 1745 735 1808 St.
753 1745 892 1826 judicem
917 1766 934 1806 a
959 1744 1036 1806 ieris
1055 1759 1139 1807 sexta
1158 1759 1270 1806 octavo
1297 1743 1349 1805 die
1365 1757 1491 1806 tenetur

229 1851 396 1914 testificare
419 1870 476 1934 per
500 1850 670 1912 dominum
693 1852 823 1913 Petrum
841 1852 958 1933 ligerii
983 1866 1013 1912 et
1037 1851 1195 1932 quosdam
1219 1849 1339 1931 juratos
1362 1849 1489 1911 racione

229 1957 396 2019 cuiusdam
420 1970 502 2017 terre
527 1970 557 2016 et
580 1956 771 2036 molendini,
794 1958 915 2019 scilicet
940 1956 1082 2018 Kussech
1107 1971 1138 2018 et
1161 1956 1302 2017 Petrum.

334 2064 411 2125 Item
436 2063 545 2124 Petres
569 2061 709 2124 carnifex
733 2079 842 2126 contra
867 2065 1002 2126 Piultam
1034 2064 1138 2146 primo
1163 2063 1275 2125 citatus
1307 2082 1371 2123 non
1404 2081 1491 2123 com-

228 2169 343 2251 paruit.

333 2275 411 2337 Item
435 2275 586 2358 Dragona
608 2289 716 2337 contra
740 2274 855 2337 Zuizth
879 2290 992 2337 octavo
1016 2274 1068 2337 die
1092 2289 1217 2337 tenetur
1240 2273 1447 2356 respondere.

334 2381 412 2442 Item
436 2381 560 2466 Chegel
584 2397 695 2444 contra
720 2381 907 2444 Gordauant
936 2382 1042 2463 primo
1067 2382 1180 2442 citatus
1211 2400 1277 2442 non
1301 2378 1491 2461 comparuit.

335 2505 413 2567 ltem
437 2520 552 2568 octavo
577 2505 629 2568 die
660 2506 770 2568 relicta
802 2507 841 2568 N.
873 2505 1001 2589 pistoris
1033 2521 1099 2567 met
1123 2505 1219 2566 tercia
1251 2519 1361 2566 contra
1390 2504 1492 2565 Bene·

228 2611 349 2672 dictum
374 2611 560 2692 selliparum
584 2611 703 2692 (debet)
727 2611 889 2693 deponere
913 2610 1139 2691 juramentum.

333 2716 411 2779 Item
436 2735 529 2778 causa
553 2736 616 2798 que
640 2716 772 2778 vertitur
791 2717 873 2777 inter
890 2716 1070 2777 Marketum
1095 2731 1125 2776 et
1150 2717 1292 2777 Marcum
1319 2714 1492 2776 Boniolum

228 2842 245 2882 a
270 2821 347 2883 feria
371 2835 457 2883 sexta
481 2821 522 2883 ud
546 2838 619 2883 octo
644 2822 712 2883 dies
737 2834 784 2883 est
806 2835 987 2904 prorogata.

334 2926 413 2989 Ite'm
437 2946 519 2989 uxor
542 2926 688 2989 Pezdech
713 2941 743 2988 et
767 2930 861 2988 Anna
885 2941 994 2988 contra
1024 2928 1154 2988 luanam
1185 2926 1291 3008 primo
1315 2926 1401 2987 citati
1426 2942 1490 2985 non

229 3048 487 3114 comparuerunt.

335 3157 412 3218 Item
436 3157 512 3238 quia
537 3155 667 3239 Endrey
703 3155 797 3217 frater
829 3157 905 3234 Kus,
938 3156 1115 3237 Georgium
1139 3155 1241 3217 filium
1274 3156 1355 3216 Zuik
1387 3153 1489 3215 noctis

229 3265 287 3323 sub
313 3262 446 3324 silencio
471 3262 598 3324 duobus
621 3262 807 3323 vulneribus
829 3262 1009 3324 vulneravit
1032 3278 1062 3323 et
1086 3283 1123 3323 ex
1140 3263 1202 3324 hoc
1225 3261 1410 3323 testimonio
1427 3257 1491 3320 sui·

229 3367 346 3429 ficienti
372 3368 536 3429 convictus
559 3367 671 3446 extitit,
695 3368 860 3429 convictus
883 3383 929 3429 est
953 3369 985 3429 in
1009 3368 1128 3447 judicio
1153 3368 1182 3428 X
1206 3384 1384 3427 marcarum
1411 3364 1492 3446 parti

229 3474 372 3551 adverse,
397 3473 524 3534 medico
547 3472 718 3534 satisfaciat
741 3487 772 3534 et
795 3472 892 3552 judici
911 3474 934 3534 ll
960 3493 1091 3548 marcas,
1115 3474 1187 3534 etsi
1213 3472 1345 3534 ulterius
1369 3471 1401 3530 in
1418 3489 1492 3530 con-

228 3579 388 3641 similibus
412 3580 629 3657 convincetur,
653 3592 728 3640 tunc
759 3579 891 3660 perditis
915 3580 1066 3641 omnibus
1098 3580 1191 3639 bonis
1223 3578 1263 3638 de
1288 3576 1412 3638 civitate
1438 3595 1490 3635 ex·

230 3685 377 3767 pellatur.

336 3792 413 3853 Item
447 3811 541 3853 causa
574 3811 636 3872 que
668 3792 802 3853 vertitur
826 3792 907 3853 inter
940 3793 1112 3853 Martinum
1145 3790 1250 3852 filium
1281 3788 1436 3850 Anthonii
1462 3802 1493 3849 et

230 3899 372 3959 relictam
397 3897 564 3974 Demetrii,
587 3898 662 3978 quia
687 3897 753 3978 ipse
779 3898 934 3958 Martinus
959 3917 1014 3978 per
1045 3897 1120 3958 luen
1154 3897 1269 3958 Cemer
1294 3908 1326 3956 et
1349 3893 1491 3956 Blasium

231 4018 341 4065 contra
354 4003 489 4065 eandem
507 4003 727 4065 testimonium
744 4003 905 4085 produxit,
922 4003 962 4064 ad
980 4002 1092 4064 leriam
1108 4017 1229 4063 sextam
1248 4016 1293 4062 est
1309 4013 1490 4082 prorogata.

336 4128 415 4189 Item
446 4129 544 4189 luana
576 4128 684 4189 relicta
716 4128 901 4209 Dragouani
935 4148 1007 4189 cum
1048 4127 1115 4188 filio
1147 4140 1261 4188 octavo
1293 4126 1344 4187 die
1383 4139 1492 4187 contra

230 4238 358 4294 Annam
382 4253 567 4316 comparere
591 4248 717 4295 tenetur
740 4249 772 4297 et
795 4235 1014 4296 testimonium
1041 4253 1103 4296 una
1120 4247 1229 4294 contra
1254 4232 1350 4293 aliam
1374 4232 1492 4314 produ·

231 4359 302 4401 cere
326 4341 414 4419 quod
439 4340 554 4401 melius
577 4342 705 4422 poterit.

337 4464 415 4525 Item
441 4464 554 4525 Kusilo
578 4480 666 4526 sutor
689 4485 706 4526 a
731 4463 807 4525 secla
840 4480 926 4525 sexta
959 4476 1074 4524 octavo
1099 4463 1150 4524 die
1183 4476 1292 4524 contra
1317 4462 1492 4523 Martinum

231 4570 412 4631 sellatorem
435 4568 530 4631 debet
554 4589 749 4651 comparere.

337 4676 416 4736 Item
441 4675 605 4737 convictus
629 4690 675 4738 est
700 4674 740 4737 G.
765 4676 845 4737 Zuik
877 4689 986 4737 contra
1019 4675 1087 4735 Kus
1111 4676 1144 4735 in
1177 4675 1302 4736 duabus
1325 4674 1440 4735 marcis
1462 4685 1494 4733 et

233 4781 265 4842 in
290 4781 395 4842 media
418 4800 477 4863 pro
500 4781 617 4863 judice.
