3488 5250
615 357 810 432 Ann01355.
836 388 877 398 —
901 370 949 432 13.
974 357 1082 415 martti.

432 572 528 646 letio
557 566 657 645 sexta
684 577 839 662 ptoxlma
867 583 945 645 ante
973 574 1173 646 dominicam
1202 575 1325 648 Letoce.

774 712 834 784 (13.
858 709 982 772 martii).

308 929 311 937 Ι
353 847 430 909 ltem
455 867 549 910 causa
574 867 636 929 que
652 847 786 908 vertitur
806 848 888 908 inter
905 847 1086 908 Marketum
1111 860 1142 909 et
1170 847 1348 910 Francham
1365 848 1405 909 ad
1423 849 1510 911 diem

246 966 396 1016 octavum
427 953 467 1015 ad
500 953 705 1016 concordiam
742 952 920 1014 faciendam
953 966 999 1014 est
1036 966 1207 1036 prorogata
1238 954 1263 1014 si
1294 952 1362 1016 fieri
1393 955 1512 1036 poterit

247 1060 328 1120 inter
352 1073 466 1140 partes.

351 1164 429 1226 ltem
460 1184 554 1226 causa
581 1164 736 1227 Johannis
765 1164 946 1226 stacionarii
979 1178 1009 1226 et
1041 1164 1193 1248 Stephani
1227 1164 1321 1247 jurati
1356 1166 1397 1227 ad
1423 1167 1510 1228 diem

245 1285 394 1332 octavum
418 1270 458 1331 ad
483 1271 569 1353 pacis
593 1271 746 1332 unionem
772 1284 819 1332 est
842 1284 1023 1352 prorogata.
1050 1337 1053 1342 ,

350 1376 427 1436 Item
453 1395 546 1437 causa
571 1377 737 1437 Martonos
760 1390 791 1437 et
808 1376 945 1437 Farcasii
963 1395 1065 1457 usque
1082 1376 1169 1437 diem
1190 1390 1339 1438 octavum
1362 1377 1402 1438 ad
1426 1377 1510 1439 arbi·

252 1482 336 1544 rium
362 1496 408 1543 est
432 1496 612 1564 prorogata.

350 1588 428 1649 ltem
453 1588 590 1667 Mikech,
616 1587 700 1650 lilius
725 1587 866 1666 Martini,
890 1587 986 1649 debet
1001 1587 1165 1669 deponere
1188 1587 1404 1669 juramentum
1435 1607 1509 1650 cum

245 1692 331 1754 lwan
356 1693 407 1754 die
432 1707 545 1755 octavo
569 1713 730 1775 supereo,
754 1693 843 1775 quod
866 1693 933 1775 ipse
950 1711 1076 1774 porcos,
1101 1712 1182 1774 quos
1206 1693 1420 1756 communiter
1435 1713 1510 1756 cum
1617 1681 1620 1684 ’

244 1799 388 1860 Francha
412 1799 524 1861 habuit
547 1818 613 1861 non
637 1812 850 1881 assumpserat
876 1799 1035 1860 collocare
1059 1799 1092 1860 in
1117 1799 1241 1880 pascuis
1264 1799 1417 1861 silvarum
1441 1819 1509 1861 ma·

242 1904 331 1986 gistri
355 1905 481 1966 Nicolai
505 1904 581 1967 dicti
606 1904 718 1967 Touth
742 1924 843 1986 usque
873 1904 1048 1965 adventurn
1078 1904 1222 1965 Franche
1246 1905 1424 1985 prenotati;
1449 1925 1509 1967 nec

243 2010 329 2092 ipsos
352 2029 467 2091 porcos
491 2010 559 2072 sine
582 2011 747 2092 presencia
762 2011 862 2092 ipsius
886 2009 1028 2071 Franche
1042 2029 1107 2071 non
1124 2029 1217 2092 posse
1241 2010 1414 2092 depellere,
1438 2030 1505 2073 nou

244 2116 425 2197 assumpsit.

350 2220 428 2284 ltem
453 2241 546 2283 causa
569 2221 699 2283 Andree
724 2235 755 2283 et
771 2221 914 2283 Barberii
932 2241 1033 2302 usque
1057 2222 1143 2283 diem
1163 2236 1313 2284 octavum
1337 2221 1379 2282 ad
1394 2241 1509 2302 pacem

244 2339 289 2387 est
312 2340 493 2407 prorogata.

348 2431 425 2494 ltem
437 2433 576 2495 lacobus
584 2431 699 2494 Pzicha
709 2446 818 2494 contra
827 2431 999 2493 Drusinam
1007 2433 1106 2493 tercio
1119 2432 1233 2495 citatus
1242 2452 1307 2494 non
1317 2434 1508 2515 comparuit.

349 2537 426 2599 ltem
452 2538 617 2599 Farcasius
640 2551 750 2600 contra
770 2536 961 2598 Michaelem
978 2538 1083 2619 primo
1106 2538 1218 2599 citatus
1234 2557 1299 2599 non
1318 2540 1508 2622 comparuit.

349 2643 427 2705 ltem
451 2643 697 2705 Bartholomeus
719 2657 845 2705 tenetur
877 2643 1017 2725 judicem
1040 2644 1167 2725 placere
1196 2663 1291 2725 super
1314 2644 1429 2726 viginti
1453 2664 1507 2706 sex

242 2749 356 2812 marcis
380 2769 481 2831 usque
506 2749 750 2831 quindecimum
770 2749 867 2826 diem,
885 2749 974 2830 quod
997 2750 1022 2810 si
1047 2769 1112 2810 non
1132 2747 1251 2828 lecerit,
1276 2763 1391 2811 extunc
1412 2769 1508 2832 super

242 2854 379 2933 Mikech,
414 2853 516 2916 lilium
552 2854 706 2934 Franche,
736 2855 846 2916 Petres
875 2854 1056 2917 carnificem
1089 2868 1120 2916 et
1143 2855 1323 2917 Johannem
1350 2856 1506 2918 Zlatolazi

241 2962 403 3044 predictus
427 2961 522 3042 judex
546 2961 687 3043 recipere
711 2960 841 3023 habebit
865 2960 1058 3024 facultatem.

346 3085 423 3146 ltem
448 3104 542 3146 causa
567 3084 756 3147 lancholoti
782 3097 813 3147 et
836 3085 921 3147 lwan
945 3085 1104 3147 sellatoris
1120 3104 1221 3166 usque
1246 3084 1332 3146 diem
1356 3099 1506 3148 octavum

241 3190 282 3252 ad
307 3209 419 3272 pacem
444 3204 490 3251 est
513 3203 695 3272 prorogata.

347 3295 425 3356 ltem
450 3294 490 3357 G.
515 3294 599 3356 filius
624 3295 703 3357 Suik
727 3295 822 3357 debet
845 3296 980 3377 probare
1005 3311 1115 3359 contra
1139 3297 1245 3358 Eliam
1269 3316 1342 3359 cum
1367 3296 1506 3358 Munech

241 3416 271 3463 et
296 3402 427 3463 Emrico
451 3400 596 3462 carnifice
620 3421 716 3483 super
740 3402 823 3464 lacto
848 3421 961 3463 census
984 3416 1066 3464 terre
1090 3424 1156 3465 sue.

345 3507 424 3568 ltem
448 3506 547 3568 Perch
571 3521 682 3569 contra
706 3509 814 3570 Petres
838 3523 868 3570 et
893 3507 1057 3570 Emricum
1075 3508 1237 3570 carnifices
1260 3509 1401 3570 secunda
1425 3509 1501 3570 cita·

239 3613 331 3674 cione
356 3633 422 3674 non
445 3614 634 3695 comparuit.

346 3718 423 3779 ltem
448 3719 534 3779 Elias
558 3732 667 3780 contra
692 3718 776 3780 lwan
802 3719 897 3781 debet
920 3720 1114 3801 respondere
1141 3720 1192 3781 die
1217 3734 1341 3783 octavo.

345 3823 423 3885 ltem
446 3824 602 3885 Martinus
625 3838 735 3886 contra
767 3825 931 3887 Emricum
962 3824 1143 3886 carnificem
1174 3825 1315 3887 secunda
1348 3825 1505 3886 citacione

239 3949 305 3992 non
329 3931 518 4012 comparuit.

344 4034 421 4096 ltem
446 4037 594 4113 lacobus,
619 4036 722 4097 dictus
735 4037 873 4114 Zirotka,
897 4035 974 4098 feria
997 4038 1094 4098 tercia
1111 4051 1236 4099 tenetur
1261 4055 1445 4118 comparere
1472 4050 1504 4100 et

238 4140 312 4202 dare
336 4142 499 4203 racionem
523 4143 599 4222 quia
624 4142 690 4224 ipse
714 4143 875 4204 civitatem
896 4143 1024 4204 intravit
1040 4157 1070 4205 et
1094 4163 1127 4204 se
1151 4143 1191 4204 de
1209 4141 1397 4204 infidelitate
1413 4143 1502 4224 regia

237 4259 268 4307 et
291 4248 531 4309 communitatis
555 4268 588 4309 se
613 4249 811 4329 expurgavit.

343 4351 421 4413 ltem
447 4351 622 4434 Gregorius
643 4352 720 4414 feria
738 4355 834 4415 tercia
852 4354 948 4416 debet
972 4373 1156 4436 comparere
1173 4368 1282 4415 contra
1307 4354 1334 4415 J.
1359 4367 1389 4415 et
1405 4373 1502 4435 expe·

237 4456 305 4518 dire
329 4476 423 4538 supra
448 4458 589 4539 quodam
623 4457 724 4520 fundo
749 4479 804 4542 per
828 4479 887 4521 nos
918 4460 1120 4542 disponendo
1151 4460 1231 4541 quid
1265 4461 1306 4522 sit
1329 4459 1505 4541 expediens

236 4562 385 4625 faciendi.

342 4669 420 4731 ltem
446 4690 538 4732 causa
564 4670 672 4732 Decan
698 4685 728 4732 et
752 4672 882 4754 Mathey
914 4692 1016 4753 usque
1041 4672 1126 4734 diem
1151 4686 1300 4735 octavum
1324 4672 1364 4733 ad
1388 4692 1503 4754 pacem

239 4787 285 4835 est
309 4791 488 4856 prorogata.
626 4849 643 4888 x
