<?xml version="1.0" encoding="UTF-8"?>
<!DOCTYPE html PUBLIC "-//W3C//DTD XHTML 1.0 Transitional//EN"
    "http://www.w3.org/TR/xhtml1/DTD/xhtml1-transitional.dtd">
<html xmlns="http://www.w3.org/1999/xhtml" xml:lang="en" lang="en">
 <head>
  <title>
</title>
<meta http-equiv="Content-Type" content="text/html;charset=utf-8" />
  <meta name='ocr-system' content='tesseract 3.04.00' />
  <meta name='ocr-capabilities' content='ocr_page ocr_carea ocr_par ocr_line ocrx_word'/>
</head>
<body>
  <div class='ocr_page' id='page_1' title='image "./monumentahistor08laszgoog/monumentahistor08laszgoog_0224.png"; bbox 0 0 3488 5250; ppageno 0'>
   <div class='ocr_carea' id='block_1_1' title="bbox 593 363 1453 448">
    <p class='ocr_par' dir='ltr' id='par_1_1' title="bbox 593 363 1453 448">
     <span class='ocr_line' id='line_1_1' title="bbox 593 363 1453 448; baseline -0.003 -23"><span class='ocrx_word' id='word_1_1' title='bbox 593 363 793 443; x_wconf 80' lang='lat' dir='ltr'>Ann01360.</span> <span class='ocrx_word' id='word_1_2' title='bbox 817 401 859 409; x_wconf 99' lang='lat'><em>-</em></span> <span class='ocrx_word' id='word_1_3' title='bbox 883 363 934 428; x_wconf 79' lang='lat'>26.</span> <span class='ocrx_word' id='word_1_4' title='bbox 951 364 1046 445; x_wconf 72' lang='lat' dir='ltr'>sitnt&#39;i.</span> <span class='ocrx_word' id='word_1_5' title='bbox 1394 377 1453 448; x_wconf 84' lang='lat'>177</span> 
     </span>
    </p>
   </div>
   <div class='ocr_carea' id='block_1_2' title="bbox 193 584 1451 676">
    <p class='ocr_par' dir='ltr' id='par_1_2' title="bbox 193 584 1451 676">
     <span class='ocr_line' id='line_1_2' title="bbox 193 584 1451 676; baseline -0.004 -18"><span class='ocrx_word' id='word_1_6' title='bbox 193 588 288 670; x_wconf 85' lang='lat' dir='ltr'>Nota,</span> <span class='ocrx_word' id='word_1_7' title='bbox 317 586 405 676; x_wconf 85' lang='lat' dir='ltr'>quod</span> <span class='ocrx_word' id='word_1_8' title='bbox 424 586 510 657; x_wconf 82' lang='lat' dir='ltr'>feria</span> <span class='ocrx_word' id='word_1_9' title='bbox 530 594 628 657; x_wconf 84' lang='lat' dir='ltr'>sexta</span> <span class='ocrx_word' id='word_1_10' title='bbox 647 587 804 674; x_wconf 80' lang='lat' dir='ltr'>proxima</span> <span class='ocrx_word' id='word_1_11' title='bbox 822 592 900 657; x_wconf 86' lang='lat' dir='ltr'>ante</span> <span class='ocrx_word' id='word_1_12' title='bbox 914 585 1038 657; x_wconf 85' lang='lat' dir='ltr'>festum</span> <span class='ocrx_word' id='word_1_13' title='bbox 1066 584 1155 656; x_wconf 85' lang='lat' dir='ltr'>beati</span> <span class='ocrx_word' id='word_1_14' title='bbox 1184 585 1331 658; x_wconf 84' lang='lat' dir='ltr'>Ladislai</span> <span class='ocrx_word' id='word_1_15' title='bbox 1351 586 1451 672; x_wconf 77' lang='lat' dir='ltr'>regis.</span> 
     </span>
    </p>
   </div>
   <div class='ocr_carea' id='block_1_3' title="bbox 724 735 916 813">
    <p class='ocr_par' dir='ltr' id='par_1_3' title="bbox 724 735 916 813">
     <span class='ocr_line' id='line_1_3' title="bbox 724 735 916 813; baseline 0.026 -19"><span class='ocrx_word' id='word_1_16' title='bbox 724 735 788 813; x_wconf 80' lang='lat'>(26.</span> <span class='ocrx_word' id='word_1_17' title='bbox 804 737 916 813; x_wconf 82' lang='lat' dir='ltr'>junit&#39;).</span> 
     </span>
    </p>
   </div>
   <div class='ocr_carea' id='block_1_4' title="bbox 111 891 1458 3724">
    <p class='ocr_par' dir='ltr' id='par_1_4' title="bbox 193 891 1456 1084">
     <span class='ocr_line' id='line_1_4' title="bbox 299 891 1456 976; baseline -0.001 -21"><span class='ocrx_word' id='word_1_18' title='bbox 299 895 409 956; x_wconf 90' lang='lat' dir='ltr'>Primo</span> <span class='ocrx_word' id='word_1_19' title='bbox 433 914 526 957; x_wconf 91' lang='lat' dir='ltr'>causa</span> <span class='ocrx_word' id='word_1_20' title='bbox 551 913 613 976; x_wconf 89' lang='lat' dir='ltr'>que</span> <span class='ocrx_word' id='word_1_21' title='bbox 643 894 774 956; x_wconf 88' lang='lat' dir='ltr'>vertitur</span> <span class='ocrx_word' id='word_1_22' title='bbox 806 894 887 956; x_wconf 90' lang='lat' dir='ltr'>inter</span> <span class='ocrx_word' id='word_1_23' title='bbox 911 894 1048 956; x_wconf 88' lang='lat' dir='ltr'>Pausam</span> <span class='ocrx_word' id='word_1_24' title='bbox 1074 906 1105 955; x_wconf 93' lang='lat' dir='ltr'>et</span> <span class='ocrx_word' id='word_1_25' title='bbox 1128 892 1231 955; x_wconf 87' lang='lat' dir='ltr'>filium</span> <span class='ocrx_word' id='word_1_26' title='bbox 1257 892 1391 956; x_wconf 91' lang='lat' dir='ltr'>Gonche</span> <span class='ocrx_word' id='word_1_27' title='bbox 1414 891 1456 956; x_wconf 91' lang='lat' dir='ltr'>ad</span> 
     </span>
     <span class='ocr_line' id='line_1_5' title="bbox 193 1001 1066 1084; baseline -0.001 -22"><span class='ocrx_word' id='word_1_28' title='bbox 193 1013 267 1062; x_wconf 92' lang='lat' dir='ltr'>octo</span> <span class='ocrx_word' id='word_1_29' title='bbox 292 1001 360 1062; x_wconf 87' lang='lat' dir='ltr'>dies</span> <span class='ocrx_word' id='word_1_30' title='bbox 384 1001 424 1062; x_wconf 92' lang='lat' dir='ltr'>ad</span> <span class='ocrx_word' id='word_1_31' title='bbox 450 1020 562 1082; x_wconf 81' lang='lat' dir='ltr'>pacem</span> <span class='ocrx_word' id='word_1_32' title='bbox 587 1012 633 1062; x_wconf 89' lang='lat' dir='ltr'>est</span> <span class='ocrx_word' id='word_1_33' title='bbox 656 1013 838 1082; x_wconf 84' lang='lat' dir='ltr'>prorogata.</span> <span class='ocrx_word' id='word_1_34' title='bbox 1061 1076 1066 1084; x_wconf 92' lang='lat'>.</span> 
     </span>
    </p>

    <p class='ocr_par' dir='ltr' id='par_1_5' title="bbox 191 1103 1457 1399">
     <span class='ocr_line' id='line_1_6' title="bbox 296 1103 1456 1189; baseline -0.001 -22"><span class='ocrx_word' id='word_1_35' title='bbox 296 1105 374 1168; x_wconf 89' lang='lat' dir='ltr'>Item</span> <span class='ocrx_word' id='word_1_36' title='bbox 399 1126 492 1168; x_wconf 88' lang='lat' dir='ltr'>cause</span> <span class='ocrx_word' id='word_1_37' title='bbox 516 1126 579 1189; x_wconf 92' lang='lat' dir='ltr'>que</span> <span class='ocrx_word' id='word_1_38' title='bbox 603 1119 769 1168; x_wconf 90' lang='lat' dir='ltr'>vertuntur</span> <span class='ocrx_word' id='word_1_39' title='bbox 793 1106 875 1168; x_wconf 88' lang='lat' dir='ltr'>inter</span> <span class='ocrx_word' id='word_1_40' title='bbox 898 1105 1019 1167; x_wconf 86' lang='lat' dir='ltr'>dictum</span> <span class='ocrx_word' id='word_1_41' title='bbox 1043 1103 1146 1167; x_wconf 91' lang='lat' dir='ltr'>filium</span> <span class='ocrx_word' id='word_1_42' title='bbox 1171 1104 1305 1168; x_wconf 89' lang='lat' dir='ltr'>Gonche</span> <span class='ocrx_word' id='word_1_43' title='bbox 1330 1118 1361 1167; x_wconf 92' lang='lat' dir='ltr'>et</span> <span class='ocrx_word' id='word_1_44' title='bbox 1384 1105 1456 1166; x_wconf 88' lang='lat' dir='ltr'>Jak-</span> 
     </span>
     <span class='ocr_line' id='line_1_7' title="bbox 191 1209 1457 1293; baseline -0.001 -21"><span class='ocrx_word' id='word_1_45' title='bbox 191 1229 324 1273; x_wconf 87' lang='lat' dir='ltr'>monem</span> <span class='ocrx_word' id='word_1_46' title='bbox 348 1232 384 1274; x_wconf 86' lang='lat' dir='ltr'>ac</span> <span class='ocrx_word' id='word_1_47' title='bbox 418 1211 581 1273; x_wconf 83' lang='lat' dir='ltr'>Andream</span> <span class='ocrx_word' id='word_1_48' title='bbox 613 1210 697 1273; x_wconf 85' lang='lat' dir='ltr'>filios</span> <span class='ocrx_word' id='word_1_49' title='bbox 728 1210 853 1272; x_wconf 89' lang='lat' dir='ltr'>Nicolai</span> <span class='ocrx_word' id='word_1_50' title='bbox 885 1211 925 1273; x_wconf 88' lang='lat' dir='ltr'>ad</span> <span class='ocrx_word' id='word_1_51' title='bbox 960 1225 1034 1273; x_wconf 89' lang='lat' dir='ltr'>octo</span> <span class='ocrx_word' id='word_1_52' title='bbox 1063 1211 1131 1272; x_wconf 86' lang='lat' dir='ltr'>dies</span> <span class='ocrx_word' id='word_1_53' title='bbox 1165 1209 1204 1271; x_wconf 90' lang='lat' dir='ltr'>ad</span> <span class='ocrx_word' id='word_1_54' title='bbox 1236 1228 1348 1293; x_wconf 87' lang='lat' dir='ltr'>pacem</span> <span class='ocrx_word' id='word_1_55' title='bbox 1383 1222 1457 1271; x_wconf 89' lang='lat' dir='ltr'>sunt</span> 
     </span>
     <span class='ocr_line' id='line_1_8' title="bbox 192 1330 373 1399; baseline 0.011 -21"><span class='ocrx_word' id='word_1_56' title='bbox 192 1330 373 1399; x_wconf 83' lang='lat' dir='ltr'>prorogate.</span> 
     </span>
    </p>

    <p class='ocr_par' dir='ltr' id='par_1_6' title="bbox 192 1419 1457 1609">
     <span class='ocr_line' id='line_1_9' title="bbox 297 1419 1457 1504; baseline -0.003 -20"><span class='ocrx_word' id='word_1_57' title='bbox 297 1422 375 1485; x_wconf 84' lang='lat' dir='ltr'>Item</span> <span class='ocrx_word' id='word_1_58' title='bbox 399 1424 531 1504; x_wconf 83' lang='lat' dir='ltr'>Zugaua</span> <span class='ocrx_word' id='word_1_59' title='bbox 556 1435 666 1484; x_wconf 89' lang='lat' dir='ltr'>contra</span> <span class='ocrx_word' id='word_1_60' title='bbox 690 1421 870 1485; x_wconf 86' lang='lat' dir='ltr'>Iohannem</span> <span class='ocrx_word' id='word_1_61' title='bbox 889 1419 1000 1503; x_wconf 50' lang='lat' dir='ltr'>¹filium</span> <span class='ocrx_word' id='word_1_62' title='bbox 1032 1421 1201 1483; x_wconf 91' lang='lat' dir='ltr'>Laurencii</span> <span class='ocrx_word' id='word_1_63' title='bbox 1226 1420 1266 1482; x_wconf 89' lang='lat' dir='ltr'>ad</span> <span class='ocrx_word' id='word_1_64' title='bbox 1290 1432 1363 1482; x_wconf 93' lang='lat' dir='ltr'>octo</span> <span class='ocrx_word' id='word_1_65' title='bbox 1388 1420 1457 1481; x_wconf 89' lang='lat' dir='ltr'>dies</span> 
     </span>
     <span class='ocr_line' id='line_1_10' title="bbox 192 1527 871 1609; baseline 0 -21"><span class='ocrx_word' id='word_1_66' title='bbox 192 1527 312 1609; x_wconf 88' lang='lat' dir='ltr'>recepit</span> <span class='ocrx_word' id='word_1_67' title='bbox 335 1528 509 1589; x_wconf 91' lang='lat' dir='ltr'>terminum</span> <span class='ocrx_word' id='word_1_68' title='bbox 533 1528 573 1589; x_wconf 93' lang='lat' dir='ltr'>ad</span> <span class='ocrx_word' id='word_1_69' title='bbox 597 1527 871 1609; x_wconf 87' lang='lat' dir='ltr'>respondendum.</span> 
     </span>
    </p>

    <p class='ocr_par' dir='ltr' id='par_1_7' title="bbox 195 1630 1457 1820">
     <span class='ocr_line' id='line_1_11' title="bbox 297 1630 1457 1695; baseline 0 -1"><span class='ocrx_word' id='word_1_70' title='bbox 297 1633 376 1695; x_wconf 88' lang='lat' dir='ltr'>Item</span> <span class='ocrx_word' id='word_1_71' title='bbox 408 1633 517 1695; x_wconf 90' lang='lat' dir='ltr'>relicta</span> <span class='ocrx_word' id='word_1_72' title='bbox 549 1633 714 1695; x_wconf 88' lang='lat' dir='ltr'>Sterniche</span> <span class='ocrx_word' id='word_1_73' title='bbox 746 1648 856 1695; x_wconf 91' lang='lat' dir='ltr'>contra</span> <span class='ocrx_word' id='word_1_74' title='bbox 888 1651 1020 1694; x_wconf 84' lang='lat' dir='ltr'>uxorem</span> <span class='ocrx_word' id='word_1_75' title='bbox 1051 1633 1159 1694; x_wconf 87' lang='lat' dir='ltr'>Petres</span> <span class='ocrx_word' id='word_1_76' title='bbox 1189 1631 1332 1694; x_wconf 89' lang='lat' dir='ltr'>secundo</span> <span class='ocrx_word' id='word_1_77' title='bbox 1363 1630 1457 1694; x_wconf 86' lang='lat' dir='ltr'>citata</span> 
     </span>
     <span class='ocr_line' id='line_1_12' title="bbox 195 1726 1192 1820; baseline -0.001 -20"><span class='ocrx_word' id='word_1_78' title='bbox 195 1757 261 1800; x_wconf 92' lang='lat' dir='ltr'>non</span> <span class='ocrx_word' id='word_1_79' title='bbox 284 1739 472 1820; x_wconf 89' lang='lat' dir='ltr'>comparuit.</span> <span class='ocrx_word' id='word_1_80' title='bbox 496 1767 501 1775; x_wconf 88' lang='lat'><strong>·</strong></span> <span class='ocrx_word' id='word_1_81' title='bbox 1185 1726 1192 1740; x_wconf 77' lang='grc'><strong>’</strong></span> 
     </span>
    </p>

    <p class='ocr_par' dir='ltr' id='par_1_8' title="bbox 193 1842 1452 2033">
     <span class='ocr_line' id='line_1_13' title="bbox 297 1842 1452 1928; baseline 0.001 -24"><span class='ocrx_word' id='word_1_82' title='bbox 297 1843 376 1905; x_wconf 86' lang='lat' dir='ltr'><strong>Item</strong></span> <span class='ocrx_word' id='word_1_83' title='bbox 401 1842 543 1906; x_wconf 87' lang='lat' dir='ltr'>Obraant</span> <span class='ocrx_word' id='word_1_84' title='bbox 561 1857 669 1907; x_wconf 90' lang='lat' dir='ltr'>contra</span> <span class='ocrx_word' id='word_1_85' title='bbox 687 1844 880 1928; x_wconf 84' lang='lat' dir='ltr'>Dyonisium</span> <span class='ocrx_word' id='word_1_86' title='bbox 904 1843 943 1905; x_wconf 93' lang='lat' dir='ltr'>ad</span> <span class='ocrx_word' id='word_1_87' title='bbox 961 1857 1034 1906; x_wconf 92' lang='lat' dir='ltr'>octo</span> <span class='ocrx_word' id='word_1_88' title='bbox 1050 1843 1118 1906; x_wconf 81' lang='lat' dir='ltr'>dIes</span> <span class='ocrx_word' id='word_1_89' title='bbox 1134 1844 1254 1926; x_wconf 89' lang='lat' dir='ltr'>recepit</span> <span class='ocrx_word' id='word_1_90' title='bbox 1276 1844 1452 1906; x_wconf 90' lang='lat' dir='ltr'>terminum</span> 
     </span>
     <span class='ocr_line' id='line_1_14' title="bbox 193 1950 530 2033; baseline 0.006 -22"><span class='ocrx_word' id='word_1_91' title='bbox 193 1950 233 2011; x_wconf 85' lang='lat' dir='ltr'>ad</span> <span class='ocrx_word' id='word_1_92' title='bbox 257 1950 530 2033; x_wconf 87' lang='lat' dir='ltr'>respondendum.</span> 
     </span>
    </p>

    <p class='ocr_par' dir='ltr' id='par_1_9' title="bbox 111 2054 1457 2246">
     <span class='ocr_line' id='line_1_15' title="bbox 301 2054 1457 2139; baseline -0.001 -23"><span class='ocrx_word' id='word_1_93' title='bbox 301 2056 379 2118; x_wconf 89' lang='lat' dir='ltr'><strong>Item</strong></span> <span class='ocrx_word' id='word_1_94' title='bbox 404 2075 583 2139; x_wconf 89' lang='lat' dir='ltr'>causaque</span> <span class='ocrx_word' id='word_1_95' title='bbox 616 2057 748 2118; x_wconf 90' lang='lat' dir='ltr'>vertitur</span> <span class='ocrx_word' id='word_1_96' title='bbox 779 2056 861 2118; x_wconf 89' lang='lat' dir='ltr'>inter</span> <span class='ocrx_word' id='word_1_97' title='bbox 891 2055 1054 2118; x_wconf 76' lang='lat' dir='ltr'>Andream</span> <span class='ocrx_word' id='word_1_98' title='bbox 1083 2070 1114 2118; x_wconf 91' lang='lat' dir='ltr'>et</span> <span class='ocrx_word' id='word_1_99' title='bbox 1145 2055 1300 2119; x_wconf 88' lang='lat' dir='ltr'>Mathiam</span> <span class='ocrx_word' id='word_1_100' title='bbox 1325 2054 1457 2116; x_wconf 86' lang='lat' dir='ltr'>clericos</span> 
     </span>
     <span class='ocr_line' id='line_1_16' title="bbox 111 2162 897 2246; baseline 0.003 -23"><span class='ocrx_word' id='word_1_101' title='bbox 111 2189 113 2192; x_wconf 47' lang='lat'><em>⁴</em></span> <span class='ocrx_word' id='word_1_102' title='bbox 193 2162 233 2223; x_wconf 87' lang='lat' dir='ltr'>ad</span> <span class='ocrx_word' id='word_1_103' title='bbox 259 2176 332 2224; x_wconf 92' lang='lat' dir='ltr'>octo</span> <span class='ocrx_word' id='word_1_104' title='bbox 356 2162 425 2225; x_wconf 89' lang='lat' dir='ltr'>dies</span> <span class='ocrx_word' id='word_1_105' title='bbox 448 2162 488 2224; x_wconf 90' lang='lat' dir='ltr'>ad</span> <span class='ocrx_word' id='word_1_106' title='bbox 511 2183 623 2246; x_wconf 83' lang='lat' dir='ltr'>pacem</span> <span class='ocrx_word' id='word_1_107' title='bbox 648 2176 695 2225; x_wconf 89' lang='lat' dir='ltr'>est</span> <span class='ocrx_word' id='word_1_108' title='bbox 718 2175 897 2245; x_wconf 85' lang='lat' dir='ltr'>prorogata.</span> 
     </span>
    </p>

    <p class='ocr_par' dir='ltr' id='par_1_10' title="bbox 194 2266 1457 2456">
     <span class='ocr_line' id='line_1_17' title="bbox 298 2266 1457 2351; baseline 0 -23"><span class='ocrx_word' id='word_1_109' title='bbox 298 2268 375 2330; x_wconf 89' lang='lat' dir='ltr'>Item</span> <span class='ocrx_word' id='word_1_110' title='bbox 407 2269 484 2330; x_wconf 87' lang='lat' dir='ltr'>Iuan</span> <span class='ocrx_word' id='word_1_111' title='bbox 517 2268 732 2351; x_wconf 83' lang='lat' dir='ltr'>Vogtinchich</span> <span class='ocrx_word' id='word_1_112' title='bbox 765 2283 875 2331; x_wconf 92' lang='lat' dir='ltr'>contra</span> <span class='ocrx_word' id='word_1_113' title='bbox 906 2268 1084 2351; x_wconf 84' lang='lat' dir='ltr'>Georgium</span> <span class='ocrx_word' id='word_1_114' title='bbox 1116 2268 1223 2350; x_wconf 92' lang='lat' dir='ltr'>primo</span> <span class='ocrx_word' id='word_1_115' title='bbox 1248 2266 1361 2330; x_wconf 89' lang='lat' dir='ltr'>citatus</span> <span class='ocrx_word' id='word_1_116' title='bbox 1391 2286 1457 2329; x_wconf 91' lang='lat' dir='ltr'>non</span> 
     </span>
     <span class='ocr_line' id='line_1_18' title="bbox 194 2374 384 2456; baseline 0 -20"><span class='ocrx_word' id='word_1_117' title='bbox 194 2374 384 2456; x_wconf 85' lang='lat' dir='ltr'>comparuit.</span> 
     </span>
    </p>

    <p class='ocr_par' dir='ltr' id='par_1_11' title="bbox 192 2479 1456 2670">
     <span class='ocr_line' id='line_1_19' title="bbox 301 2479 1456 2562; baseline 0 -22"><span class='ocrx_word' id='word_1_118' title='bbox 301 2479 379 2542; x_wconf 91' lang='lat' dir='ltr'>Item</span> <span class='ocrx_word' id='word_1_119' title='bbox 404 2500 498 2542; x_wconf 88' lang='lat' dir='ltr'>causa</span> <span class='ocrx_word' id='word_1_120' title='bbox 515 2501 577 2562; x_wconf 90' lang='lat' dir='ltr'>que</span> <span class='ocrx_word' id='word_1_121' title='bbox 594 2482 728 2543; x_wconf 88' lang='lat' dir='ltr'>vertitur</span> <span class='ocrx_word' id='word_1_122' title='bbox 751 2481 833 2543; x_wconf 88' lang='lat' dir='ltr'>inter</span> <span class='ocrx_word' id='word_1_123' title='bbox 850 2480 1008 2543; x_wconf 89' lang='lat' dir='ltr'>Janchech</span> <span class='ocrx_word' id='word_1_124' title='bbox 1026 2494 1056 2542; x_wconf 92' lang='lat' dir='ltr'>et</span> <span class='ocrx_word' id='word_1_125' title='bbox 1072 2480 1259 2562; x_wconf 83' lang='lat' dir='ltr'>magistrum</span> <span class='ocrx_word' id='word_1_126' title='bbox 1277 2479 1456 2542; x_wconf 85' lang='lat' dir='ltr'>Iohannem</span> 
     </span>
     <span class='ocr_line' id='line_1_20' title="bbox 192 2584 899 2670; baseline 0.006 -24"><span class='ocrx_word' id='word_1_127' title='bbox 192 2584 232 2646; x_wconf 90' lang='lat' dir='ltr'>ad</span> <span class='ocrx_word' id='word_1_128' title='bbox 256 2599 329 2647; x_wconf 93' lang='lat' dir='ltr'>octo</span> <span class='ocrx_word' id='word_1_129' title='bbox 357 2586 426 2647; x_wconf 87' lang='lat' dir='ltr'>dies</span> <span class='ocrx_word' id='word_1_130' title='bbox 449 2586 489 2647; x_wconf 86' lang='lat' dir='ltr'>ad</span> <span class='ocrx_word' id='word_1_131' title='bbox 514 2605 624 2668; x_wconf 89' lang='lat' dir='ltr'>pacem</span> <span class='ocrx_word' id='word_1_132' title='bbox 649 2600 696 2649; x_wconf 89' lang='lat' dir='ltr'>est</span> <span class='ocrx_word' id='word_1_133' title='bbox 719 2600 899 2670; x_wconf 84' lang='lat' dir='ltr'>prorogata.</span> 
     </span>
    </p>

    <p class='ocr_par' dir='ltr' id='par_1_12' title="bbox 192 2691 1457 2881">
     <span class='ocr_line' id='line_1_21' title="bbox 300 2691 1457 2772; baseline 0 -20"><span class='ocrx_word' id='word_1_134' title='bbox 300 2691 377 2753; x_wconf 89' lang='lat' dir='ltr'>Item</span> <span class='ocrx_word' id='word_1_135' title='bbox 403 2691 447 2755; x_wconf 91' lang='lat' dir='ltr'>St.</span> <span class='ocrx_word' id='word_1_136' title='bbox 480 2691 565 2754; x_wconf 88' lang='lat' dir='ltr'>filius</span> <span class='ocrx_word' id='word_1_137' title='bbox 597 2692 742 2755; x_wconf 90' lang='lat' dir='ltr'>Cernech</span> <span class='ocrx_word' id='word_1_138' title='bbox 773 2706 882 2755; x_wconf 93' lang='lat' dir='ltr'>contra</span> <span class='ocrx_word' id='word_1_139' title='bbox 914 2694 1040 2755; x_wconf 89' lang='lat' dir='ltr'>Banum</span> <span class='ocrx_word' id='word_1_140' title='bbox 1071 2692 1111 2754; x_wconf 93' lang='lat' dir='ltr'>ad</span> <span class='ocrx_word' id='word_1_141' title='bbox 1141 2710 1214 2754; x_wconf 92' lang='lat' dir='ltr'>octo</span> <span class='ocrx_word' id='word_1_142' title='bbox 1246 2691 1314 2753; x_wconf 90' lang='lat' dir='ltr'>dies</span> <span class='ocrx_word' id='word_1_143' title='bbox 1337 2691 1457 2772; x_wconf 89' lang='lat' dir='ltr'>recepit</span> 
     </span>
     <span class='ocr_line' id='line_1_22' title="bbox 192 2797 732 2881; baseline 0.004 -22"><span class='ocrx_word' id='word_1_144' title='bbox 192 2797 366 2859; x_wconf 89' lang='lat' dir='ltr'>terminum</span> <span class='ocrx_word' id='word_1_145' title='bbox 390 2797 430 2859; x_wconf 88' lang='lat' dir='ltr'>ad</span> <span class='ocrx_word' id='word_1_146' title='bbox 459 2799 732 2881; x_wconf 87' lang='lat' dir='ltr'>respondendum.</span> 
     </span>
    </p>

    <p class='ocr_par' dir='ltr' id='par_1_13' title="bbox 194 2903 1453 3092">
     <span class='ocr_line' id='line_1_23' title="bbox 298 2903 1453 2987; baseline 0.002 -24"><span class='ocrx_word' id='word_1_147' title='bbox 298 2903 376 2964; x_wconf 88' lang='lat' dir='ltr'>Item</span> <span class='ocrx_word' id='word_1_148' title='bbox 403 2904 540 2966; x_wconf 85' lang='lat' dir='ltr'>Iacobus</span> <span class='ocrx_word' id='word_1_149' title='bbox 564 2904 649 2967; x_wconf 88' lang='lat' dir='ltr'>filius</span> <span class='ocrx_word' id='word_1_150' title='bbox 673 2904 808 2967; x_wconf 87' lang='lat' dir='ltr'>Cossme</span> <span class='ocrx_word' id='word_1_151' title='bbox 832 2925 890 2987; x_wconf 88' lang='lat' dir='ltr'>pro</span> <span class='ocrx_word' id='word_1_152' title='bbox 906 2925 939 2966; x_wconf 89' lang='lat' dir='ltr'>se</span> <span class='ocrx_word' id='word_1_153' title='bbox 964 2919 995 2967; x_wconf 89' lang='lat' dir='ltr'>et</span> <span class='ocrx_word' id='word_1_154' title='bbox 1018 2904 1085 2967; x_wconf 87' lang='lat' dir='ltr'>fiIio</span> <span class='ocrx_word' id='word_1_155' title='bbox 1109 2925 1167 2967; x_wconf 89' lang='lat' dir='ltr'>suo</span> <span class='ocrx_word' id='word_1_156' title='bbox 1191 2918 1301 2968; x_wconf 90' lang='lat' dir='ltr'>contra</span> <span class='ocrx_word' id='word_1_157' title='bbox 1326 2903 1453 2968; x_wconf 89' lang='lat' dir='ltr'>Mikech</span> 
     </span>
     <span class='ocr_line' id='line_1_24' title="bbox 194 3007 1388 3092; baseline 0.002 -23"><span class='ocrx_word' id='word_1_158' title='bbox 194 3007 296 3070; x_wconf 87' lang='lat' dir='ltr'>filium</span> <span class='ocrx_word' id='word_1_159' title='bbox 323 3008 436 3070; x_wconf 91' lang='lat' dir='ltr'>Hench</span> <span class='ocrx_word' id='word_1_160' title='bbox 461 3010 500 3071; x_wconf 90' lang='lat' dir='ltr'>ad</span> <span class='ocrx_word' id='word_1_161' title='bbox 525 3025 598 3072; x_wconf 90' lang='lat' dir='ltr'>octo</span> <span class='ocrx_word' id='word_1_162' title='bbox 622 3011 691 3073; x_wconf 88' lang='lat' dir='ltr'>dies</span> <span class='ocrx_word' id='word_1_163' title='bbox 715 3011 833 3092; x_wconf 92' lang='lat' dir='ltr'>recepit</span> <span class='ocrx_word' id='word_1_164' title='bbox 855 3011 1029 3073; x_wconf 81' lang='lat' dir='ltr'>termInum</span> <span class='ocrx_word' id='word_1_165' title='bbox 1052 3010 1092 3071; x_wconf 86' lang='lat' dir='ltr'>ad</span> <span class='ocrx_word' id='word_1_166' title='bbox 1117 3010 1388 3092; x_wconf 88' lang='lat' dir='ltr'>respondendum.</span> 
     </span>
    </p>

    <p class='ocr_par' dir='ltr' id='par_1_14' title="bbox 194 3115 1456 3307">
     <span class='ocr_line' id='line_1_25' title="bbox 300 3115 1456 3199; baseline 0.001 -23"><span class='ocrx_word' id='word_1_167' title='bbox 300 3115 377 3176; x_wconf 91' lang='lat' dir='ltr'>Item</span> <span class='ocrx_word' id='word_1_168' title='bbox 401 3136 496 3177; x_wconf 86' lang='lat' dir='ltr'>causa</span> <span class='ocrx_word' id='word_1_169' title='bbox 527 3136 589 3198; x_wconf 87' lang='lat' dir='ltr'>que</span> <span class='ocrx_word' id='word_1_170' title='bbox 623 3118 755 3180; x_wconf 87' lang='lat' dir='ltr'>vertitur</span> <span class='ocrx_word' id='word_1_171' title='bbox 785 3117 866 3179; x_wconf 89' lang='lat' dir='ltr'>inter</span> <span class='ocrx_word' id='word_1_172' title='bbox 898 3117 1109 3199; x_wconf 90' lang='lat' dir='ltr'>Meynardum</span> <span class='ocrx_word' id='word_1_173' title='bbox 1135 3131 1166 3179; x_wconf 92' lang='lat' dir='ltr'>et</span> <span class='ocrx_word' id='word_1_174' title='bbox 1197 3117 1392 3180; x_wconf 84' lang='lat' dir='ltr'>Christinam</span> <span class='ocrx_word' id='word_1_175' title='bbox 1417 3116 1456 3177; x_wconf 90' lang='lat' dir='ltr'>ad</span> 
     </span>
     <span class='ocr_line' id='line_1_26' title="bbox 194 3221 1349 3307; baseline 0.004 -26"><span class='ocrx_word' id='word_1_176' title='bbox 194 3235 267 3283; x_wconf 92' lang='lat' dir='ltr'>octo</span> <span class='ocrx_word' id='word_1_177' title='bbox 292 3221 360 3282; x_wconf 86' lang='lat' dir='ltr'>dies</span> <span class='ocrx_word' id='word_1_178' title='bbox 385 3221 425 3282; x_wconf 90' lang='lat' dir='ltr'>ad</span> <span class='ocrx_word' id='word_1_179' title='bbox 449 3242 560 3304; x_wconf 89' lang='lat' dir='ltr'>pacem</span> <span class='ocrx_word' id='word_1_180' title='bbox 585 3224 635 3284; x_wconf 90' lang='lat' dir='ltr'>vel</span> <span class='ocrx_word' id='word_1_181' title='bbox 659 3223 699 3285; x_wconf 88' lang='lat' dir='ltr'>ad</span> <span class='ocrx_word' id='word_1_182' title='bbox 724 3222 853 3285; x_wconf 87' lang='lat' dir='ltr'>finalem</span> <span class='ocrx_word' id='word_1_183' title='bbox 878 3223 1074 3285; x_wconf 87' lang='lat' dir='ltr'>decisionem</span> <span class='ocrx_word' id='word_1_184' title='bbox 1098 3237 1145 3287; x_wconf 87' lang='lat' dir='ltr'>est</span> <span class='ocrx_word' id='word_1_185' title='bbox 1167 3239 1349 3307; x_wconf 84' lang='lat' dir='ltr'>prorogata.</span> 
     </span>
    </p>

    <p class='ocr_par' dir='ltr' id='par_1_15' title="bbox 195 3326 1458 3515">
     <span class='ocr_line' id='line_1_27' title="bbox 301 3326 1458 3411; baseline 0.001 -24"><span class='ocrx_word' id='word_1_186' title='bbox 301 3326 379 3388; x_wconf 90' lang='lat' dir='ltr'>Item</span> <span class='ocrx_word' id='word_1_187' title='bbox 404 3328 541 3390; x_wconf 87' lang='lat' dir='ltr'>Iacobus</span> <span class='ocrx_word' id='word_1_188' title='bbox 564 3329 683 3391; x_wconf 87' lang='lat' dir='ltr'>Cosme</span> <span class='ocrx_word' id='word_1_189' title='bbox 716 3343 824 3391; x_wconf 89' lang='lat' dir='ltr'>contra</span> <span class='ocrx_word' id='word_1_190' title='bbox 858 3330 962 3391; x_wconf 88' lang='lat' dir='ltr'>EIiam</span> <span class='ocrx_word' id='word_1_191' title='bbox 987 3329 1026 3390; x_wconf 87' lang='lat' dir='ltr'>ad</span> <span class='ocrx_word' id='word_1_192' title='bbox 1058 3342 1131 3391; x_wconf 90' lang='lat' dir='ltr'>octo</span> <span class='ocrx_word' id='word_1_193' title='bbox 1155 3330 1223 3392; x_wconf 89' lang='lat' dir='ltr'>dies</span> <span class='ocrx_word' id='word_1_194' title='bbox 1254 3329 1374 3411; x_wconf 90' lang='lat' dir='ltr'>recepit</span> <span class='ocrx_word' id='word_1_195' title='bbox 1396 3342 1458 3390; x_wconf 90' lang='lat' dir='ltr'>ter·</span> 
     </span>
     <span class='ocr_line' id='line_1_28' title="bbox 195 3426 737 3515; baseline 0.009 -23"><span class='ocrx_word' id='word_1_196' title='bbox 195 3431 320 3493; x_wconf 90' lang='lat' dir='ltr'>minum</span> <span class='ocrx_word' id='word_1_197' title='bbox 344 3432 384 3493; x_wconf 88' lang='lat' dir='ltr'>ad</span> <span class='ocrx_word' id='word_1_198' title='bbox 408 3434 680 3515; x_wconf 88' lang='lat' dir='ltr'>respondendum.</span> <span class='ocrx_word' id='word_1_199' title='bbox 733 3426 737 3439; x_wconf 76' lang='grc'><strong>’</strong></span> 
     </span>
    </p>

    <p class='ocr_par' dir='ltr' id='par_1_16' title="bbox 197 3537 1457 3724">
     <span class='ocr_line' id='line_1_29' title="bbox 300 3537 1457 3623; baseline 0.003 -25"><span class='ocrx_word' id='word_1_200' title='bbox 300 3537 377 3599; x_wconf 91' lang='lat' dir='ltr'>Item</span> <span class='ocrx_word' id='word_1_201' title='bbox 403 3537 487 3600; x_wconf 88' lang='lat' dir='ltr'>filius</span> <span class='ocrx_word' id='word_1_202' title='bbox 511 3541 646 3623; x_wconf 92' lang='lat' dir='ltr'>Ztoyani</span> <span class='ocrx_word' id='word_1_203' title='bbox 677 3554 787 3602; x_wconf 92' lang='lat' dir='ltr'>contra</span> <span class='ocrx_word' id='word_1_204' title='bbox 819 3540 922 3602; x_wconf 88' lang='lat' dir='ltr'>filium</span> <span class='ocrx_word' id='word_1_205' title='bbox 947 3540 1058 3602; x_wconf 89' lang='lat' dir='ltr'>decani</span> <span class='ocrx_word' id='word_1_206' title='bbox 1090 3541 1231 3602; x_wconf 87' lang='lat' dir='ltr'>secundo</span> <span class='ocrx_word' id='word_1_207' title='bbox 1256 3541 1369 3602; x_wconf 88' lang='lat' dir='ltr'>citatus</span> <span class='ocrx_word' id='word_1_208' title='bbox 1391 3559 1457 3602; x_wconf 92' lang='lat' dir='ltr'>non</span> 
     </span>
     <span class='ocr_line' id='line_1_30' title="bbox 197 3643 385 3724; baseline 0.016 -22"><span class='ocrx_word' id='word_1_209' title='bbox 197 3643 385 3724; x_wconf 88' lang='lat' dir='ltr'>comparuit.</span> 
     </span>
    </p>
   </div>
   <div class='ocr_carea' id='block_1_5' title="bbox 195 3748 1458 3936">
    <p class='ocr_par' dir='ltr' id='par_1_17' title="bbox 195 3748 1458 3936">
     <span class='ocr_line' id='line_1_31' title="bbox 302 3748 1458 3815; baseline 0.005 -6"><span class='ocrx_word' id='word_1_210' title='bbox 302 3748 377 3809; x_wconf 89' lang='lat' dir='ltr'>Item</span> <span class='ocrx_word' id='word_1_211' title='bbox 404 3749 489 3810; x_wconf 88' lang='lat' dir='ltr'>idem</span> <span class='ocrx_word' id='word_1_212' title='bbox 513 3748 598 3812; x_wconf 86' lang='lat' dir='ltr'>filius</span> <span class='ocrx_word' id='word_1_213' title='bbox 622 3752 747 3814; x_wconf 90' lang='lat' dir='ltr'>Ztoiani</span> <span class='ocrx_word' id='word_1_214' title='bbox 773 3765 883 3814; x_wconf 88' lang='lat' dir='ltr'>contra</span> <span class='ocrx_word' id='word_1_215' title='bbox 907 3752 983 3813; x_wconf 88' lang='lat' dir='ltr'>Iuan</span> <span class='ocrx_word' id='word_1_216' title='bbox 1009 3751 1147 3814; x_wconf 88' lang='lat' dir='ltr'>PIauech</span> <span class='ocrx_word' id='word_1_217' title='bbox 1172 3753 1313 3815; x_wconf 87' lang='lat' dir='ltr'>secundo</span> <span class='ocrx_word' id='word_1_218' title='bbox 1345 3755 1458 3815; x_wconf 90' lang='lat' dir='ltr'>citatus</span> 
     </span>
     <span class='ocr_line' id='line_1_32' title="bbox 195 3856 474 3936; baseline 0.007 -21"><span class='ocrx_word' id='word_1_219' title='bbox 195 3872 260 3915; x_wconf 93' lang='lat' dir='ltr'>non</span> <span class='ocrx_word' id='word_1_220' title='bbox 285 3856 474 3936; x_wconf 87' lang='lat' dir='ltr'>comparuit.</span> 
     </span>
    </p>
   </div>
   <div class='ocr_carea' id='block_1_6' title="bbox 194 3962 1459 4785">
    <p class='ocr_par' dir='ltr' id='par_1_18' title="bbox 194 3962 1458 4130">
     <span class='ocr_line' id='line_1_33' title="bbox 301 3962 1458 4045; baseline 0.005 -25"><span class='ocrx_word' id='word_1_221' title='bbox 301 3962 379 4023; x_wconf 91' lang='lat' dir='ltr'>Item</span> <span class='ocrx_word' id='word_1_222' title='bbox 403 3962 479 4023; x_wconf 90' lang='lat' dir='ltr'>Iuan</span> <span class='ocrx_word' id='word_1_223' title='bbox 499 3962 638 4024; x_wconf 88' lang='lat' dir='ltr'>Plauech</span> <span class='ocrx_word' id='word_1_224' title='bbox 663 3983 763 4045; x_wconf 91' lang='lat' dir='ltr'>usque</span> <span class='ocrx_word' id='word_1_225' title='bbox 788 3964 967 4044; x_wconf 87' lang='lat' dir='ltr'>quindenas</span> <span class='ocrx_word' id='word_1_226' title='bbox 982 3978 1109 4026; x_wconf 90' lang='lat' dir='ltr'>tenetur</span> <span class='ocrx_word' id='word_1_227' title='bbox 1131 3964 1255 4025; x_wconf 87' lang='lat' dir='ltr'>solvere</span> <span class='ocrx_word' id='word_1_228' title='bbox 1280 3964 1458 4026; x_wconf 90' lang='lat' dir='ltr'>Laurencio</span> 
     </span>
     <span class='ocr_line' id='line_1_34' title="bbox 194 4065 571 4130; baseline 0.008 -4"><span class='ocrx_word' id='word_1_229' title='bbox 194 4065 334 4127; x_wconf 92' lang='lat' dir='ltr'>Vardich</span> <span class='ocrx_word' id='word_1_230' title='bbox 358 4067 398 4128; x_wconf 96' lang='lat' dir='ltr'>III</span> <span class='ocrx_word' id='word_1_231' title='bbox 423 4066 571 4130; x_wconf 91' lang='lat' dir='ltr'>florenos.</span> 
     </span>
    </p>

    <p class='ocr_par' dir='ltr' id='par_1_19' title="bbox 195 4172 1458 4551">
     <span class='ocr_line' id='line_1_35' title="bbox 303 4172 1457 4257; baseline 0.002 -24"><span class='ocrx_word' id='word_1_232' title='bbox 303 4172 380 4233; x_wconf 89' lang='lat' dir='ltr'>Item</span> <span class='ocrx_word' id='word_1_233' title='bbox 411 4174 641 4252; x_wconf 80' lang='lat' dir='ltr'>commisImus,</span> <span class='ocrx_word' id='word_1_234' title='bbox 669 4174 757 4256; x_wconf 93' lang='lat' dir='ltr'>quod</span> <span class='ocrx_word' id='word_1_235' title='bbox 787 4195 887 4256; x_wconf 90' lang='lat' dir='ltr'>usque</span> <span class='ocrx_word' id='word_1_236' title='bbox 912 4175 1092 4257; x_wconf 82' lang='lat' dir='ltr'>quindenas</span> <span class='ocrx_word' id='word_1_237' title='bbox 1123 4174 1225 4236; x_wconf 87' lang='lat' dir='ltr'>Cursa</span> <span class='ocrx_word' id='word_1_238' title='bbox 1257 4173 1296 4234; x_wconf 91' lang='lat' dir='ltr'>de</span> <span class='ocrx_word' id='word_1_239' title='bbox 1325 4175 1457 4235; x_wconf 86' lang='lat' dir='ltr'>Rabuch</span> 
     </span>
     <span class='ocr_line' id='line_1_36' title="bbox 195 4276 1456 4357; baseline 0.002 -20"><span class='ocrx_word' id='word_1_240' title='bbox 195 4289 320 4338; x_wconf 89' lang='lat' dir='ltr'>tenetur</span> <span class='ocrx_word' id='word_1_241' title='bbox 345 4276 446 4339; x_wconf 87' lang='lat' dir='ltr'>facere</span> <span class='ocrx_word' id='word_1_242' title='bbox 472 4279 632 4340; x_wconf 87' lang='lat' dir='ltr'>caminum</span> <span class='ocrx_word' id='word_1_243' title='bbox 650 4280 761 4342; x_wconf 87' lang='lat' dir='ltr'>domui</span> <span class='ocrx_word' id='word_1_244' title='bbox 782 4301 838 4342; x_wconf 90' lang='lat' dir='ltr'>sue</span> <span class='ocrx_word' id='word_1_245' title='bbox 863 4294 894 4342; x_wconf 89' lang='lat' dir='ltr'>et</span> <span class='ocrx_word' id='word_1_246' title='bbox 918 4281 1043 4342; x_wconf 87' lang='lat' dir='ltr'>canales</span> <span class='ocrx_word' id='word_1_247' title='bbox 1067 4301 1103 4341; x_wconf 90' lang='lat' dir='ltr'>ac</span> <span class='ocrx_word' id='word_1_248' title='bbox 1127 4280 1301 4341; x_wconf 86' lang='lat' dir='ltr'>necessaria</span> <span class='ocrx_word' id='word_1_249' title='bbox 1324 4280 1397 4357; x_wconf 87' lang='lat' dir='ltr'>alia,</span> <span class='ocrx_word' id='word_1_250' title='bbox 1422 4292 1456 4341; x_wconf 93' lang='lat' dir='ltr'>ut</span> 
     </span>
     <span class='ocr_line' id='line_1_37' title="bbox 196 4382 1458 4468; baseline 0.002 -25"><span class='ocrx_word' id='word_1_251' title='bbox 196 4382 308 4444; x_wconf 88' lang='lat' dir='ltr'>domui</span> <span class='ocrx_word' id='word_1_252' title='bbox 335 4385 441 4446; x_wconf 83' lang='lat' dir='ltr'>Petres</span> <span class='ocrx_word' id='word_1_253' title='bbox 465 4398 496 4445; x_wconf 90' lang='lat' dir='ltr'>et</span> <span class='ocrx_word' id='word_1_254' title='bbox 519 4384 643 4446; x_wconf 87' lang='lat' dir='ltr'>Nicolai</span> <span class='ocrx_word' id='word_1_255' title='bbox 677 4386 764 4448; x_wconf 92' lang='lat' dir='ltr'>nulla</span> <span class='ocrx_word' id='word_1_256' title='bbox 795 4388 909 4448; x_wconf 78' lang='lat' dir='ltr'>nocIva</span> <span class='ocrx_word' id='word_1_257' title='bbox 942 4385 995 4447; x_wconf 89' lang='lat' dir='ltr'>fiet</span> <span class='ocrx_word' id='word_1_258' title='bbox 1026 4400 1056 4447; x_wconf 93' lang='lat' dir='ltr'>et</span> <span class='ocrx_word' id='word_1_259' title='bbox 1080 4387 1119 4447; x_wconf 92' lang='lat' dir='ltr'>de</span> <span class='ocrx_word' id='word_1_260' title='bbox 1153 4384 1310 4468; x_wconf 86' lang='lat' dir='ltr'>preteritis</span> <span class='ocrx_word' id='word_1_261' title='bbox 1334 4385 1458 4446; x_wconf 85' lang='lat' dir='ltr'>nocivis</span> 
     </span>
     <span class='ocr_line' id='line_1_38' title="bbox 197 4487 532 4551; baseline 0.006 -3"><span class='ocrx_word' id='word_1_262' title='bbox 197 4488 318 4549; x_wconf 86' lang='lat' dir='ltr'>eisdem</span> <span class='ocrx_word' id='word_1_263' title='bbox 341 4487 532 4551; x_wconf 80' lang='lat' dir='ltr'>satisfacere.</span> 
     </span>
    </p>

    <p class='ocr_par' dir='ltr' id='par_1_20' title="bbox 303 4595 1458 4676">
     <span class='ocr_line' id='line_1_39' title="bbox 303 4595 1458 4676; baseline 0.003 -23"><span class='ocrx_word' id='word_1_264' title='bbox 303 4595 379 4657; x_wconf 89' lang='lat' dir='ltr'>Item</span> <span class='ocrx_word' id='word_1_265' title='bbox 406 4595 530 4657; x_wconf 88' lang='lat' dir='ltr'>Malech</span> <span class='ocrx_word' id='word_1_266' title='bbox 555 4595 696 4657; x_wconf 90' lang='lat' dir='ltr'>secundo</span> <span class='ocrx_word' id='word_1_267' title='bbox 721 4597 834 4658; x_wconf 87' lang='lat' dir='ltr'>citatus</span> <span class='ocrx_word' id='word_1_268' title='bbox 859 4613 968 4659; x_wconf 89' lang='lat' dir='ltr'>contra</span> <span class='ocrx_word' id='word_1_269' title='bbox 994 4598 1167 4659; x_wconf 87' lang='lat' dir='ltr'>MartInum</span> <span class='ocrx_word' id='word_1_270' title='bbox 1184 4616 1248 4658; x_wconf 92' lang='lat' dir='ltr'>non</span> <span class='ocrx_word' id='word_1_271' title='bbox 1268 4596 1458 4676; x_wconf 88' lang='lat' dir='ltr'>comparuit.</span> 
     </span>
    </p>

    <p class='ocr_par' dir='ltr' id='par_1_21' title="bbox 303 4701 1459 4785">
     <span class='ocr_line' id='line_1_40' title="bbox 303 4701 1459 4785; baseline 0.001 -23"><span class='ocrx_word' id='word_1_272' title='bbox 303 4701 380 4762; x_wconf 91' lang='lat' dir='ltr'>Item</span> <span class='ocrx_word' id='word_1_273' title='bbox 405 4702 584 4763; x_wconf 86' lang='lat' dir='ltr'>Domianus</span> <span class='ocrx_word' id='word_1_274' title='bbox 607 4716 695 4763; x_wconf 85' lang='lat' dir='ltr'>sutor</span> <span class='ocrx_word' id='word_1_275' title='bbox 728 4717 837 4765; x_wconf 90' lang='lat' dir='ltr'>contra</span> <span class='ocrx_word' id='word_1_276' title='bbox 871 4705 947 4764; x_wconf 89' lang='lat' dir='ltr'>Iuan</span> <span class='ocrx_word' id='word_1_277' title='bbox 980 4704 1189 4785; x_wconf 81' lang='lat' dir='ltr'>ciroIogicum</span> <span class='ocrx_word' id='word_1_278' title='bbox 1221 4703 1261 4764; x_wconf 92' lang='lat' dir='ltr'>ad</span> <span class='ocrx_word' id='word_1_279' title='bbox 1286 4714 1359 4763; x_wconf 91' lang='lat' dir='ltr'>octo</span> <span class='ocrx_word' id='word_1_280' title='bbox 1391 4702 1459 4763; x_wconf 88' lang='lat' dir='ltr'>dies</span> 
     </span>
    </p>
   </div>
   <div class='ocr_carea' id='block_1_7' title="bbox 198 4807 1385 4960">
    <p class='ocr_par' dir='ltr' id='par_1_22' title="bbox 198 4807 1385 4960">
     <span class='ocr_line' id='line_1_41' title="bbox 198 4807 873 4891; baseline 0.006 -25"><span class='ocrx_word' id='word_1_281' title='bbox 198 4807 316 4889; x_wconf 89' lang='lat' dir='ltr'>recepit</span> <span class='ocrx_word' id='word_1_282' title='bbox 339 4807 511 4887; x_wconf 88' lang='lat' dir='ltr'>terminum</span> <span class='ocrx_word' id='word_1_283' title='bbox 535 4807 575 4869; x_wconf 91' lang='lat' dir='ltr'>ad</span> <span class='ocrx_word' id='word_1_284' title='bbox 599 4808 873 4891; x_wconf 85' lang='lat' dir='ltr'>respondendum.</span> 
     </span>
     <span class='ocr_line' id='line_1_42' title="bbox 1349 4917 1385 4960; baseline -0.028 0"><span class='ocrx_word' id='word_1_285' title='bbox 1349 4917 1385 4960; x_wconf 89' lang='lat'>12</span> 
     </span>
    </p>
   </div>
   <div class='ocr_carea' id='block_1_8' title="bbox 0 0 1754 5250">
    <p class='ocr_par' dir='ltr' id='par_1_23' title="bbox 0 0 1754 5250">
     <span class='ocr_line' id='line_1_43' title="bbox 0 0 1754 5250; baseline 0 0"><span class='ocrx_word' id='word_1_286' title='bbox 0 0 1754 5250; x_wconf 95' lang='lat' dir='ltr'> </span> 
     </span>
    </p>
   </div>
  </div>
 </body>
</html>
