3488 5250
244 364 261 404 2
268 365 307 425 3o
627 348 712 404 Anno
735 344 826 422 1362.
850 381 893 389 —
917 343 969 406 26.
993 348 1124 421 augusti.

348 555 426 617 Item
452 574 545 616 causa
572 554 727 617 Iohannis
750 554 808 616 filii
834 555 968 635 Cemer,
997 556 1122 618 Nicolai
1147 555 1203 617 filii
1229 557 1304 618 Iuan
1330 572 1361 620 et
1399 558 1507 620 Petres

243 675 288 722 est
312 661 419 723 taliter
436 661 572 738 decreta,
598 675 632 723 ut
648 675 762 724 octavo
787 662 838 723 die
862 660 974 743 prefati
994 662 1155 724 Johannes
1178 677 1209 724 et
1225 663 1377 725 Nicolaus
1394 683 1505 726 eorum

243 765 380 847 quilibet
403 785 436 827 se
460 767 578 828 tercius
603 780 713 828 contra
736 767 916 849 predictum
941 768 1048 829 Petres
1080 767 1207 849 jurabit,
1231 769 1319 850 quod
1345 769 1377 830 in
1401 769 1506 831 reddi·

243 871 329 933 tibus
353 870 544 954 filarschyne
568 872 648 933 olim
672 892 729 954 per
760 892 815 934 eos
839 873 1005 949 conducte,
1036 874 1213 956 dampnum
1242 894 1306 936 non
1337 875 1507 938 habuerint

243 996 300 1040 nec
325 977 523 1060 perdiderint
547 978 727 1060 quitquam,
760 998 826 1060 quo
849 980 981 1061 prestito
1009 978 1201 1059 juramento,
1225 979 1347 1043 denarii
1372 1001 1428 1063 per
1451 1001 1507 1043 eos

242 1084 319 1162 dati,
340 1085 417 1167 ipsis
434 1105 489 1167 per
514 1084 635 1146 dictum
659 1085 766 1147 Petres
782 1085 1006 1161 restituentur;
1031 1099 1061 1147 et
1078 1085 1137 1148 hoc
1154 1086 1300 1147 similiter
1314 1087 1380 1168 ipse
1398 1086 1505 1148 Petres

242 1190 450 1272 redarguens,
474 1191 514 1252 ad
539 1191 736 1273 presenciam
760 1191 966 1272 antIquorum
991 1190 1135 1272 judicum
1159 1192 1341 1275 appellavit.

347 1314 425 1375 Item
458 1313 533 1375 Iuan
570 1314 693 1375 Tetech
729 1326 837 1376 contra
873 1314 950 1374 Iuan
984 1314 1120 1396 Galgam
1155 1316 1260 1397 primo
1296 1316 1408 1377 citatus
1440 1336 1505 1377 non

241 1418 432 1502 comparuit.

347 1525 426 1587 Item
451 1526 638 1587 Hermanko
663 1526 767 1607 prImo
801 1525 914 1587 citatus
946 1540 1055 1588 contra
1080 1527 1187 1588 Petres
1219 1546 1284 1588 non
1315 1527 1505 1609 comparuit.

348 1632 425 1692 Item
450 1644 564 1692 octavo
597 1631 648 1693 die
681 1631 804 1692 Mareas
836 1629 962 1692 fratrem
995 1651 1087 1692 suum
1113 1644 1223 1694 contra
1254 1633 1374 1695 dictum
1398 1632 1506 1694 Petres

242 1739 274 1799 in
301 1738 420 1814 judicio
445 1751 584 1798 statuere
609 1736 714 1800 debet.

348 1862 424 1922 Item
450 1881 529 1923 uxor
553 1861 715 1923 Valentini
733 1875 842 1923 contra
859 1861 1003 1923 relictam
1021 1861 1136 1923 Braten
1153 1881 1185 1923 se
1210 1876 1296 1924 sexta
1320 1872 1433 1923 octavo
1451 1861 1502 1922 die

242 1982 277 2030 ut
301 1968 402 2049 ipsam
427 1987 493 2028 non
518 1968 742 2046 verberaverit,
766 1987 825 2029 nec
849 1966 1011 2048 quendam
1028 1966 1202 2050 profugum
1226 1987 1318 2029 suum
1337 1966 1505 2044 remiserit,

242 2072 338 2135 debet
362 2087 501 2155 prestare
526 2073 752 2153 juramentum.

348 2179 424 2241 Item
450 2177 609 2260 Georgius
633 2178 775 2240 secundo
799 2179 912 2241 citatus
932 2192 1040 2240 contra
1059 2178 1200 2240 Blasium
1225 2197 1290 2239 non
1314 2177 1503 2258 comparuit.

348 2285 426 2347 Item
449 2300 562 2347 octavo
588 2285 639 2346 die
664 2284 825 2347 Johannes
849 2299 957 2346 contra
977 2285 1083 2346 Petres
1099 2305 1155 2366 per
1172 2284 1310 2364 judicem
1329 2297 1359 2345 et
1376 2281 1502 2345 Cusech

241 2410 336 2473 super
359 2391 525 2473 vituperiis
549 2391 769 2453 testImonium
793 2389 969 2472 producere
994 2391 1098 2452 debet.

346 2515 424 2577 Item
442 2534 536 2575 causa
570 2514 680 2575 Jacobi
714 2527 744 2575 et
779 2514 887 2575 uxoris
921 2512 978 2575 filii
1011 2514 1089 2576 Suik
1121 2528 1167 2575 est
1198 2512 1237 2574 ad
1263 2527 1336 2575 octo
1360 2514 1428 2576 dies
1463 2513 1503 2575 ad

241 2639 352 2702 pacem
382 2633 562 2702 prorogata.

346 2727 425 2788 Item
449 2740 563 2787 octavo
600 2726 652 2787 die
677 2725 821 2787 Andreas
853 2740 962 2788 contra
997 2726 1123 2788 Petrum
1157 2746 1213 2808 per
1237 2726 1449 2787 Wlkmanum
1474 2740 1505 2788 et

242 2818 421 2913 Georgium
444 2851 539 2913 super
564 2831 704 2911 quadam
721 2831 949 2893 vulneracione
966 2832 1185 2893 testimonium
1203 2831 1380 2913 producere
1398 2822 1504 2893 debet.

347 2954 424 3015 Item
459 2953 645 3036 Leypoldus
680 2955 784 3036 primo
816 2955 929 3017 citatus
966 2969 1074 3017 contra
1106 2956 1235 3016 Petrum
1266 2954 1405 3036 juratum
1437 2974 1503 3016 non

240 3061 428 3143 comparuit.

345 3166 423 3227 Item
448 3163 532 3226 filius
557 3166 728 3247 Dampiani
752 3180 861 3227 contra
879 3166 1015 3228 Paulum
1041 3165 1166 3228 fabrum
1183 3167 1288 3248 primo
1305 3168 1419 3228 citatus
1437 3186 1503 3228 non

240 3272 429 3353 comparuit.

345 3377 422 3438 Item
448 3376 577 3438 Saluich
601 3391 710 3439 contra
735 3377 842 3438 Herxa
867 3377 1009 3440 secundo
1033 3378 1146 3440 citatus
1168 3397 1234 3440 non
1259 3379 1447 3461 comparuit.

345 3482 423 3543 Item
448 3482 549 3543 Cussa
574 3496 687 3544 octavo
712 3482 764 3545 die
794 3497 903 3545 contra
928 3482 1081 3545 Isabetam
1108 3484 1256 3545 LatInam
1282 3485 1313 3545 in
1338 3485 1505 3567 vituperiis

239 3608 272 3650 se
296 3589 392 3650 tercia
418 3586 513 3649 debet
537 3608 569 3649 se
594 3607 779 3669 expurgare.

344 3711 423 3774 Item
448 3712 554 3773 Herxa
579 3725 688 3773 contra
714 3711 840 3792 Dragen
865 3712 904 3773 ad
929 3726 1002 3773 octo
1030 3712 1098 3773 dies
1122 3713 1241 3796 recepit
1265 3713 1437 3774 terminum
1461 3713 1502 3775 ad

239 3816 511 3900 respondendum.

344 3921 421 3983 Item
447 3922 577 3984 Tomko
601 3936 710 3984 contra
735 3922 885 3984 Varicum
910 3923 1015 4004 primo
1038 3924 1151 3985 citatus
1174 3943 1238 3985 non
1264 3923 1444 4005 comparuit

345 4026 422 4088 Item
447 4027 595 4109 Mychael
620 4027 808 4111 Pintikacby
836 4043 945 4090 contra
978 4030 1145 4091 Marenum
1170 4030 1275 4112 ptimo
1299 4029 1412 4091 citatus
1436 4049 1501 4091 non

240 4133 429 4215 comparuit.

346 4239 423 4299 Item
448 4258 542 4300 causa
568 4239 706 4320 Dragani
732 4253 763 4301 et
787 4239 916 4301 Martini
941 4255 988 4303 est
1011 4241 1051 4302 ad
1076 4254 1149 4304 octo
1172 4241 1242 4303 dies
1266 4255 1445 4323 prorogata.

344 4343 421 4405 Item
447 4363 541 4407 causa
566 4345 694 4406 Martini
727 4345 870 4407 eiusdem
903 4360 934 4408 et
965 4346 1106 4410 Cussech
1131 4361 1178 4410 est
1209 4347 1248 4409 ad
1273 4360 1347 4408 octo
1371 4346 1439 4408 dies
1462 4346 1502 4407 ad

238 4469 350 4531 pacem
374 4463 554 4531 prorogata.

344 4573 421 4634 Item
445 4587 559 4636 octavo
584 4574 810 4662 dte-quitquid
835 4574 1015 4656 juramento
1031 4576 1193 4639 mediante
1208 4577 1354 4640 Andreas
1378 4577 1502 4640 molen·

237 4677 363 4740 dinator
387 4697 521 4761 porcum
546 4698 603 4763 per
627 4680 713 4743 Mitte
744 4681 947 4744 interlectum
963 4680 1004 4765 (i)
1035 4684 1141 4747 valere
1173 4685 1408 4767 comprobabit,
1440 4682 1502 4746 boc

236 4782 323 4846 idem
348 4784 433 4846 Mike
457 4804 531 4858 cum
553 4786 739 4868 gravamine
763 4785 906 4849 iudiciali
929 4789 1044 4851 solvet.
1111 4785 1115 4791 ’
