3488 5250
166 3625 184 3810 ,J

241 340 298 400 182
470 318 471 321 Ἴ
609 342 711 399 Anno
734 337 892 417 1360.—
848 353 966 415 —25.
990 343 1115 415 augusti

669 448 846 484 -sa-

343 551 420 612 Item
454 551 564 612 Petrus
597 551 714 634 Loytra
747 553 823 613 etJ
809 551 970 613 Johannes
1005 551 1213 612 stacionarius
1243 566 1352 614 contra
1385 554 1500 634 Artuig
1560 590 1563 593 -

237 659 341 741 primo
367 657 454 719 citati
478 676 544 719 non
569 671 826 738 comparuerunt.

342 764 419 825 Item
446 762 491 826 St.
510 763 635 824 Kordar
651 776 682 824 et
699 762 840 825 Obraam
859 776 968 825 contra
986 763 1165 826 Johannem
1184 763 1377 827 frenatorem
1394 765 1500 847 primo

238 872 322 933 citati
348 890 412 932 noo
437 883 695 952 comparuerunt.

345 976 424 1038 Item
449 976 567 1037 Paulus
591 976 714 1058 Zmyna
738 987 847 1037 contra
872 976 1056 1057 Dragonam
1080 989 1221 1037 sutorem
1246 977 1350 1058 primo
1386 976 1501 1037 citatus

240 1101 304 1143 non
328 1081 518 1163 comparuit.

343 1186 425 1250 Item
448 1187 559 1249 Petrus
583 1186 667 1248 filius
692 1186 824 1269 Georgii
849 1200 957 1249 contra
984 1187 1146 1248 Donatum
1171 1187 1275 1269 primo
1297 1187 1410 1249 citatus
1434 1206 1499 1248 non

239 1295 428 1375 comparuit.

344 1400 423 1462 Item
448 1398 667 1462 Lancholotus
690 1413 799 1461 contra
836 1399 1001 1460 dominam
1026 1398 1168 1461 relictam
1195 1399 1303 1461 Ordus
1332 1399 1437 1482 primo
1460 1399 1502 1461 ci-

239 1520 323 1568 tatus
346 1525 410 1568 non
436 1506 625 1587 comparuit.

346 1611 424 1673 Item
450 1611 609 1692 Georgius
625 1611 780 1673 litteratus
797 1609 874 1672 feria
899 1624 984 1672 sexta
1010 1632 1065 1693 per
1082 1611 1276 1692 Gregorium
1300 1610 1499 1692 vigilatorem

242 1732 273 1779 et
297 1718 336 1778 N.
360 1735 515 1797 generum
541 1716 665 1777 Malech
690 1737 784 1798 super
816 1737 854 1778 eo
887 1718 1107 1779 testimonium
1140 1718 1314 1799 producere
1340 1717 1445 1794 debet,
1470 1731 1504 1776 ut

241 1823 404 1905 quandam
436 1821 587 1883 feminam
622 1823 752 1883 nomine
787 1824 973 1884 Lubankam
1006 1824 1189 1885 abduxisset
1221 1823 1308 1900 Mali,
1340 1836 1370 1884 et
1402 1822 1504 1904 ipsam

242 1930 339 1991 iidem
363 1927 592 1990 fideiussissent
616 1929 741 1989 oculata
766 1948 838 1990 curn
863 1929 978 1990 eodem
1003 1930 1233 1991 ambulantem.

349 2035 426 2096 item
464 2034 607 2094 Andreas
644 2033 732 2095 faber
763 2048 871 2095 contra
904 2034 1127 2096 Sebastianum
1160 2035 1264 2117 primo
1295 2035 1408 2097 citatus
1439 2053 1503 2094 non

242 2140 431 2221 comparuit.

348 2246 425 2306 Item
452 2245 557 2304 Petres
581 2243 720 2305 carnifex
745 2257 853 2305 contra
887 2244 998 2307 Obrad
1023 2265 1079 2327 per
1110 2246 1292 2307 Arnoldum
1318 2259 1348 2306 et
1372 2263 1504 2306 uxorem

244 2353 350 2413 Perses
373 2371 468 2433 super
492 2350 657 2431 vituperiis
681 2350 901 2411 testimonium
927 2351 1101 2432 producere
1126 2351 1232 2413 debet.

349 2457 427 2518 Item
452 2476 544 2516 causa
570 2455 796 2537 produccionis
820 2457 949 2517 testium
973 2458 1188 2539 predictorum
1213 2472 1277 2518 tam
1304 2456 1436 2536 Georgii
1454 2456 1504 2517 lit-

243 2564 334 2624 terati
359 2582 455 2644 quam
491 2562 565 2623 dicti
599 2561 686 2643 Maly
715 2562 754 2622 ad
787 2563 927 2644 primum
959 2562 1114 2644 judicium
1146 2564 1301 2625 adventus
1332 2548 1436 2623 Draxe
1460 2575 1507 2622 est

243 2681 424 2751 prorogata,
448 2668 481 2728 in
505 2687 570 2749 quo
595 2668 679 2728 idem
707 2668 808 2730 Draxe
833 2682 863 2730 et
895 2669 1076 2731 Demetrius
1101 2685 1132 2732 et
1164 2669 1230 2730 Juri
1256 2670 1287 2731 in
1313 2688 1408 2729 causa
1432 2686 1502 2749 pre:
1564 2713 1567 2719 ·

244 2776 326 2836 dicta
351 2795 408 2856 pro
432 2787 519 2856 parte
545 2774 621 2834 Mali
649 2772 863 2837 testificabant
887 2775 964 2856 quid
981 2776 1091 2853 scient,
1115 2776 1147 2836 in
1172 2795 1238 2857 quo
1255 2775 1356 2836 eciam
1383 2773 1503 2854 judicio

244 2882 329 2943 idem
355 2881 431 2942 Mali
456 2879 619 2962 quandam
644 2881 811 2942 mulierem
836 2895 973 2943 statuere
998 2882 1139 2945 debebit.

350 2988 426 3048 Item
451 2985 670 3047 testimonium
695 2988 782 3067 quod
816 2987 956 3050 Cussech
990 2986 1150 3050 aurifaber
1175 2989 1207 3049 in
1239 3007 1374 3069 persona
1400 2987 1507 3048 uxoris

244 3092 301 3155 filii
326 3094 459 3154 Strozak
483 3105 590 3153 contra
618 3093 806 3155 Lubankam
831 3095 1008 3175 producere
1033 3094 1169 3156 debebat
1192 3094 1232 3155 ad
1256 3094 1396 3175 primum
1422 3092 1504 3175 judi·

245 3200 328 3260 cium
354 3197 598 3260 resurreccionis
622 3199 729 3259 uxoris
754 3198 792 3262 G.
819 3200 947 3262 litterati
972 3213 1018 3261 est
1041 3213 1222 3282 prorogata.

351 3305 427 3366 Item
453 3303 526 3365 licet
550 3304 659 3364 Petrus
682 3305 799 3386 longus
832 3306 864 3366 in
898 3307 1036 3387 presenti
1068 3305 1188 3386 judicio
1221 3319 1330 3366 contra
1356 3306 1398 3366 M.
1424 3306 1506 3366 Leu-

245 3410 335 3472 nardi
360 3429 455 3470 suum
477 3408 697 3470 testimonium
723 3431 777 3493 per
794 3411 999 3473 Cussilonem
1024 3425 1054 3472 et
1072 3412 1301 3472 Krauturmum
1327 3411 1503 3492 producere

246 3516 393 3591 debebat,
416 3528 525 3576 tamen
550 3535 615 3576 non
640 3517 726 3576 venit
751 3536 809 3577 nec
833 3517 951 3579 aduxit

334 3620 569 3710 Quia
566 3621 718 3682 Nicolaus
750 3622 910 3725 Baboieb
924 3622 1122 3684 Lukachium
1154 3623 1342 3700 verberavit,
1374 3623 1406 3683 in
1439 3642 1503 3684 una

555 3700 806 3725 'mmmm-⁴1·
1037 3712 1220 3737 wau-um·-

183 3725 585 3825 „mflssffggfflfflss
611 3725 741 3807 (media)
768 3704 932 3800 remansit.

344 3819 429 3892 Item
454 3831 629 3893 Damianus
652 3846 740 3895 sutor
763 3849 873 3895 contra
898 3835 1006 3896 Alsam
1029 3834 1198 3895 mulierem
1229 3853 1285 3914 per
1310 3832 1505 3914 Dyonisium

245 3938 454 4017 sacerdotem,
489 3938 596 4000 Lachk
628 3952 659 4000 et
690 3939 871 4002 Johannem
901 3939 1002 4002 filium
1037 3942 1142 4023 Erney
1174 3953 1206 4001 et
1230 3938 1376 4001 Cernech
1400 3939 1507 4000 etJo·

246 4043 386 4106 hannem
410 4045 647 4124 stacionarium‚
672 4046 760 4126 quod
784 4046 913 4129 Mathey
929 4047 998 4107 viro
1023 4066 1082 4107 suo
1106 4046 1311 4108 medietatem
1336 4045 1452 4106 domus
1475 4057 1506 4106 et

247 4151 338 4212 vinee
362 4150 519 4213 donasset.

248 4350 342 4436 Nota,
372 4351 457 4440 quod
487 4353 594 4423 tercia
621 4351 706 4423 seria
734 4354 888 4440 proxima
908 4360 983 4440 post
1011 4351 1134 4422 festum
1161 4353 1251 4423 beati
1280 4352 1506 4424 Bartholomei

798 4476 953 4564 apostoli.

766 4639 829 4704 (25.
853 4630 993 4705 augum).

353 4764 461 4827 Primo
485 4765 629 4828 Andreas
653 4766 691 4826 de
721 4766 832 4848 Spinal
863 4781 973 4829 contra
1002 4767 1106 4829 filium
1131 4766 1242 4830 Gonce
1266 4767 1306 4828 ad
1337 4781 1410 4830 octo
1435 4767 1503 4833 dieo

320 4868 370 4930 nit
392 4871 565 4935 terminum
589 4871 629 4936 ad
652 4872 923 4955 respondendum.
