3488 5250
640 356 839 437 Anno1362.
865 393 905 402 -
929 374 985 439 29.
1001 361 1086 436 julii.

342 571 419 651 Item
452 570 635 632 Demetrius
665 583 774 632 contra
807 570 991 654 Dragonam
1016 569 1057 632 ad
1088 582 1163 632 octo
1196 570 1265 632 dies
1295 571 1415 653 recepit
1437 583 1500 634 ter·

237 677 363 739 minum
387 677 427 740 ad
451 676 724 760 respondendum.

343 782 419 843 Item
445 802 545 864 usque
570 795 643 844 octo
667 781 735 844 dies
749 782 932 844 Demetrius
954 781 1050 844 debet
1073 782 1222 844 ordinare
1248 783 1498 863 munimentum,

237 886 324 969 quod
350 887 466 949 domus
481 887 602 948 Mareni
628 907 645 948 a
669 886 839 948 stillicidiis
855 887 953 969 partis
976 907 1032 949 sue
1048 906 1114 949 non
1131 887 1321 965 destruatur,
1345 900 1377 949 et
1392 886 1500 950 Iocum

237 992 316 1054 idrie
342 1005 467 1055 tenetur
490 1012 649 1054 amovere.

343 1098 421 1160 Item
445 1119 540 1161 causa
564 1119 626 1181 que
655 1099 788 1161 vertitur
821 1099 904 1161 inter
928 1099 974 1162 St.
1007 1113 1038 1161 et
1061 1099 1260 1183 Mychaelem
1294 1099 1403 1162 estad
1427 1112 1501 1161 octo

237 1203 305 1265 dies
328 1204 368 1266 ad
392 1224 504 1287 pacem
528 1218 709 1287 prorogata.

343 1311 420 1372 Item
446 1311 567 1394 Symon
592 1324 701 1373 contra
725 1309 928 1372 Anthonium
951 1311 1057 1394 prImo
1080 1312 1194 1373 citatus
1218 1331 1283 1374 non
1308 1311 1497 1394 comparuit.

342 1418 419 1479 Item
444 1418 609 1480 Farcasius
632 1415 721 1479 faber
744 1430 853 1479 contra
877 1415 1057 1479 Iohannem
1081 1431 1236 1480 sartorem
1259 1418 1365 1501 primo
1386 1417 1501 1480 citatus

238 1543 302 1585 non
328 1524 517 1606 comparuit.

342 1630 419 1691 Item
444 1650 624 1712 causaque
656 1630 789 1691 vertitur
821 1630 904 1691 inter
936 1630 1101 1692 Donatum
1125 1644 1156 1692 et
1187 1630 1366 1691 Fabianum
1390 1628 1500 1691 estad

237 1748 312 1799 octo
336 1735 404 1797 dies
427 1736 467 1797 ad
491 1754 604 1818 pacem
629 1749 810 1818 prorogata.

342 1841 419 1903 Item
444 1841 475 1902 in
500 1841 673 1924 quindenis
686 1841 790 1903 SurIro
814 1853 845 1903 et
862 1841 1024 1904 Johannes
1040 1842 1171 1924 Vogryn
1189 1853 1337 1902 tenentur
1362 1853 1500 1903 statuere

236 1943 394 2009 famulum
420 1946 575 2009 Iohannis
598 1947 730 2009 Barbaci
755 1947 795 2008 ad
821 1947 989 2012 iusticiam.

343 2051 420 2114 Item
444 2053 553 2115 relicta
578 2052 779 2115 Lancholoth
813 2066 922 2115 contra
947 2053 1109 2116 Andrcam
1140 2051 1267 2115 fabrum
1290 2052 1434 2114 secundo
1457 2052 1500 2113 ci-

236 2171 299 2220 tata
324 2178 389 2220 non
413 2159 601 2242 comparuit.

342 2266 420 2327 Item
456 2266 624 2328 Mottonos
657 2266 787 2328 sellator
822 2278 931 2328 contra
967 2265 1108 2327 Blasium
1144 2264 1249 2347 primo
1286 2262 1400 2324 citatus
1434 2280 1498 2323 non

237 2372 425 2454 comparuit.

343 2477 420 2539 Item
446 2477 623 2559 Gregurich
647 2489 678 2539 et
702 2478 883 2540 Demetrius
907 2475 1011 2560 primo
1044 2476 1129 2538 citati
1154 2490 1264 2537 contra
1289 2474 1427 2559 Mykech
1450 2474 1499 2556 ju·

236 2583 340 2645 dicem
364 2602 430 2645 non
454 2596 713 2665 comparuerunt.

343 2690 420 2751 Item
446 2689 572 2772 Maryas
596 2703 705 2751 contra
722 2688 915 2770 Gregorium
941 2688 982 2750 ad
998 2702 1072 2750 octo
1088 2688 1157 2750 dies
1181 2688 1300 2771 recepit
1324 2687 1499 2750 terminum

237 2797 277 2859 ad
301 2794 572 2878 respondendum.

342 2903 421 2964 Item
444 2902 525 2963 Kata
550 2914 659 2964 contra
684 2900 821 2963 Cussam
844 2901 949 2983 primo
973 2901 1066 2963 citata
1089 2920 1154 2963 non
1180 2902 1369 2983 comparuit.

343 3008 422 3069 Item
436 3007 597 3069 Johannes
609 3024 709 3069 sartor
725 3020 834 3068 contra
849 3006 960 3068 Obrad
977 3006 1082 3089 primo
1096 3007 1210 3069 citatus
1226 3027 1291 3069 non
1309 3007 1500 3090 comparuit.

343 3115 420 3175 Item
445 3127 559 3174 octavo
582 3112 634 3174 die
658 3113 734 3174 Iuan
760 3111 899 3174 carnifex
924 3125 1033 3174 contra
1051 3113 1125 3174 Moz
1150 3112 1266 3193 jurabit
1282 3132 1315 3175 se
1340 3112 1501 3176 secundus

237 3220 325 3303 quod
351 3218 446 3283 fuerit
469 3238 525 3302 per
549 3237 622 3280 eum
647 3217 841 3280 vulneratus.

343 3326 421 3387 Item
446 3325 521 3407 quia
545 3324 732 3406 Leypoldus
756 3337 865 3386 contra
893 3324 1030 3386 Paulum
1061 3325 1263 3406 vigilatorem
1296 3325 1329 3386 in
1360 3324 1500 3387 termino

237 3432 296 3495 sibi
321 3432 480 3513 assignato
504 3450 599 3491 suum
622 3442 657 3492 ut
680 3429 791 3492 debuit
814 3449 878 3491 non
901 3431 1038 3512 prestitit
1061 3429 1287 3511 juramentum,
1312 3430 1386 3492 ideo
1399 3431 1432 3491 in
1449 3450 1500 3493 ac-

238 3537 416 3619 quisicIone
441 3536 541 3617 ipsius
565 3535 655 3596 Pauli
677 3536 798 3598 scilicet
822 3536 917 3598 unius
940 3536 1060 3598 tuneIIe
1088 3537 1154 3598 vini
1179 3537 1340 3599 remansit.

344 3643 421 3704 Item
446 3655 559 3703 octavo
585 3641 636 3703 die
661 3641 822 3704 Johannes
846 3656 956 3704 contra
976 3642 1139 3703 Andream
1162 3642 1247 3703 tuIar
1271 3642 1387 3723 jurabit
1410 3640 1499 3723 quod

238 3748 306 3811 VIII
332 3747 401 3812 flor.
425 3747 485 3809 sibi
509 3767 567 3830 per
598 3748 703 3830 ipsum
733 3747 896 3810 Andream
927 3748 1065 3810 termino
1089 3748 1148 3809 sibi
1181 3748 1342 3829 assignato
1366 3746 1500 3808 minIme

238 3853 356 3917 fuerint
379 3854 543 3937 persoluti,
568 3867 599 3916 et
622 3853 752 3917 tandem
776 3854 907 3936 prestito
930 3853 1111 3935 juramento
1133 3852 1172 3914 de
1198 3852 1295 3935 dupla
1320 3852 1406 3914 idem
1430 3855 1497 3913 An·

238 3959 329 4022 dreas
351 3959 411 4021 sibi
435 3958 615 4022 satisfacere
639 3959 778 4023 debebit.

343 4066 421 4127 Item
445 4085 547 4147 usque
579 4065 759 4147 quindenas
789 4065 815 4126 si
847 4065 999 4127 Nicolaus
1030 4066 1069 4126 de
1098 4064 1274 4127 Moroucha
1300 4064 1435 4148 Symoui
1459 4063 1499 4125 de

238 4169 312 4233 feno
337 4184 475 4253 receptO,
499 4170 647 4234 videlicet
663 4171 734 4233 XIII
755 4190 918 4250 curruum,
941 4170 1121 4249 satisfaciet,
1146 4174 1228 4234 bene
1252 4172 1396 4254 quidem,
1420 4171 1499 4233 alio-

239 4278 317 4359 quio
343 4278 375 4339 in
399 4277 541 4359 dampno
565 4296 630 4339 non
658 4276 867 4360 relinquetur.

344 4383 419 4446 Item
445 4384 520 4465 quia
538 4383 697 4465 Georgius
713 4383 852 4467 Dyanini
879 4384 1006 4445 Petrum
1023 4403 1213 4446 assessorem
1230 4385 1335 4447 verbis
1350 4385 1499 4468 turpibus

238 4490 449 4572 pertractavit,
467 4490 632 4551 convictus
644 4503 690 4552 est
706 4491 739 4552 in
755 4490 898 4572 quinque
914 4490 1028 4552 marcis
1047 4490 1252 4553 denariorum
1268 4490 1499 4574 persolvendis.

344 4595 422 4657 Item
445 4609 559 4657 octavo
584 4595 635 4657 die
660 4595 906 4658 Bartholomeus
935 4608 1058 4658 contra¹
1077 4597 1230 4659 Miculam
1254 4618 1287 4659 se
1311 4597 1427 4660 tercius
1450 4595 1498 4679 ju·

237 4701 329 4780 rabit,
354 4702 442 4784 quod
468 4702 573 4785 ipsum
597 4703 629 4763 in
653 4701 787 4764 domum
811 4722 902 4764 suam
931 4702 1115 4784 nequiciose
1140 4703 1248 4766 induci
1272 4722 1338 4765 non
1362 4701 1499 4785 fecisset,

238 4825 296 4869 nec
319 4807 360 4869 ad
385 4807 569 4870 intrandum
593 4827 668 4870 eum
691 4828 749 4891 per
771 4809 957 4891 quempiam
981 4820 1136 4871 vocasset.
