3488 5250
607 336 806 413 Ann01359.
831 371 873 380 —
896 351 929 412 9.
956 348 1083 413 auguste.
1421 363 1455 425 13
1462 365 1478 425 3

215 437 421 445 ———

220 559 223 563 ·
323 543 401 605 Item
418 557 532 606 octavo
549 544 601 606 die
619 544 837 608 Lancholotus
854 560 962 610 contra
979 548 1180 619 Demetrium
1198 550 1240 614 de
1261 554 1481 635 proponendis

216 646 312 709 debet
335 649 539 731 respondere.

217 798 221 810 .
322 756 401 817 Item
416 756 485 817 Kus
498 754 638 818 carnifex
651 768 759 818 contra
773 756 944 834 Nicolaum
956 759 1061 841 prImo
1078 761 1192 823 citatus
1209 781 1274 824 non
1291 765 1480 845 comparuit.

321 862 400 923 Item
426 861 556 944 Mathey
572 874 682 925 contra
698 861 812 940 Janlto,
828 862 964 926 Duchko
981 878 1012 928 et
1029 865 1152 927 Ztanko
1176 886 1212 928 ac
1230 867 1359 929 Petrum
1374 868 1480 950 primo

216 968 330 1030 citatus
354 986 418 1029 non
449 969 638 1050 comparuit.

322 1075 401 1136 Item
426 1073 570 1135 Kussech
594 1072 754 1136 aurifaber
770 1087 801 1135 et
822 1075 899 1136 luan
924 1073 1009 1137 filius
1026 1075 1208 1160 Dragozlay
1222 1077 1379 1141 testificati
1404 1080 1481 1140 exti-

215 1193 333 1260 terunt,
358 1179 446 1262 quod
471 1180 591 1241 Finech
615 1180 794 1243 Iohannem
818 1179 922 1259 filium
945 1181 1115 1243 Laurentii
1140 1182 1359 1265 vituperasset.

251 1378 350 1454 Ferla
378 1389 478 1454 sexta
506 1385 659 1471 proxima
688 1390 765 1453 ante
793 1382 916 1454 sestam
952 1383 1042 1455 beati
1071 1383 1246 1457 laurencii
1274 1387 1440 1457 martirIs.

744 1542 788 1610 (9.
811 1535 952 1611 auguste).

324 1673 429 1734 Prima
455 1673 555 1735 Cussa
580 1686 689 1734 contra
715 1671 865 1753 Gungam
896 1686 1010 1735 octavo
1035 1672 1086 1734 die
1109 1693 1166 1756 per
1189 1674 1426 1755 Margaretham
1450 1688 1481 1736 et

217 1779 362 1841 Blasium
388 1798 484 1861 super
508 1779 673 1861 vituperiis
695 1779 915 1840 testImonium
940 1779 1115 1861 producere
1139 1793 1276 1846 tenetur.
1354 1761 1358 1769 ⁸

324 1887 403 1947 Item
428 1885 559 1968 Mathcy
576 1898 684 1948 contra
709 1884 845 1947 Duchko
861 1885 901 1946 ad
925 1899 998 1947 octo
1023 1885 1091 1947 dies
1107 1887 1226 1969 recepit
1249 1888 1422 1950 terminum
1439 1888 1480 1951 ad

217 1991 491 2073 respondendum.

323 2096 402 2158 Item
427 2095 570 2157 Francha
594 2109 702 2157 contra
727 2097 881 2158 Iacobum
909 2095 950 2156 ad
974 2108 1047 2157 octo
1071 2096 1140 2157 dies
1163 2098 1283 2179 recepit
1305 2099 1478 2161 terminum

216 2184 258 2262 ad
285 2202 555 2284 respondendum.

324 2309 402 2369 Item
426 2308 571 2370 Andreas
595 2321 703 2370 contra
727 2326 860 2369 uxorem
882 2306 1039 2369 Schulech
1063 2328 1119 2390 per
1143 2307 1298 2370 Iohannis
1322 2309 1481 2392 Pthychar

215 2396 351 2476 'uxorem
383 2426 414 2474 et
445 2413 600 2476 Iohannis
632 2412 785 2475 Gordone
819 2432 951 2475 uxorem
981 2426 1012 2474 et
1043 2413 1157 2474 Pinam
1188 2433 1284 2496 super
1315 2415 1480 2498 vituperiis

218 2519 440 2604 testImonIum
463 2520 640 2602 producere
663 2533 789 2581 tenetur
813 2533 927 2581 octavo
951 2520 1014 2581 die.

216 2622 219 2628 ’
324 2625 400 2687 Item
425 2625 538 2687 eadem
564 2638 674 2686 contra
699 2625 804 2707 ipsum
828 2625 992 2687 Andream
1009 2638 1122 2686 octavo
1147 2624 1198 2687 die
1223 2639 1289 2687 met
1311 2626 1408 2689 tercia
1432 2628 1480 2708 ju·

217 2749 286 2792 rare
311 2730 415 2793 debet.
1416 2747 1417 2750 ’

323 2836 402 2898 Item
426 2837 545 2899 Paulus
568 2850 676 2899 contra
702 2837 847 2900 Cernech
870 2838 975 2920 primo
1004 2837 1117 2898 citatus
1140 2855 1205 2898 non
1230 2838 1419 2919 comparuit.

325 2941 403 3003 Item
427 2942 496 3003 Kus
521 2940 660 3003 carniIex
682 2955 791 3004 contra
808 2942 979 3005 Nicolaum
1003 2941 1145 3004 secundo
1169 2941 1281 3003 citatus
1305 2961 1370 3004 non
1393 2962 1480 3005 com·

217 3049 332 3129 paruit.

324 3156 403 3217 Item
417 3156 494 3217 Iuan
508 3155 648 3217 custodis
661 3168 769 3217 contra
784 3154 954 3216 Nicolaum
968 3155 1073 3236 prImo
1087 3155 1200 3216 citatus
1212 3173 1277 3216 non
1291 3157 1480 3232 comparuit.

324 3261 402 3323 Item
427 3261 564 3323 Mathias
587 3261 742 3324 litteratus
766 3274 875 3322 contra
899 3261 1091 3321 quanInum
1115 3260 1155 3321 ad
1180 3274 1253 3321 octo
1270 3258 1337 3320 dies
1361 3260 1481 3342 recepit

213 3340 393 3429 ‘termInum
417 3367 457 3428 ad
482 3366 754 3450 respondendum.

324 3474 401 3534 Item
428 3474 538 3534 Maren
563 3473 657 3535 Zolar
681 3486 790 3534 contra
815 3472 859 3534 St.
884 3472 990 3554 primo
1019 3472 1132 3533 citatus
1155 3490 1220 3533 non
1245 3472 1434 3554 comparuit.

212 3566 216 3577 ⁶
325 3580 403 3640 Item
429 3578 575 3641 Cernech
606 3578 760 3640 Zelezche
791 3591 900 3639 contra
932 3577 1103 3639 Nicolaum
1132 3577 1207 3639 ZIrk
1238 3578 1342 3660 prImo
1367 3578 1481 3640 citatus

219 3706 285 3747 non
310 3685 497 3767 comparuit.

326 3791 403 3852 Item
428 3791 578 3872 Dragona
597 3804 705 3853 contra
722 3789 914 3851 Michaelem
931 3789 970 3850 ad
988 3802 1061 3850 octo
1082 3788 1150 3850 dies
1167 3789 1286 3871 recepit
1306 3790 1480 3852 terminum

218 3897 259 3958 ad
283 3896 557 3977 respondendum.

325 4004 402 4064 Item
428 4002 565 4064 Michael
590 4002 701 4063 Kuche
726 4015 835 4063 contra
853 4001 1019 4062 Marenum
1037 4000 1077 4061 ad
1101 4014 1175 4062 octo
1192 4000 1261 4062 dies
1285 4001 1404 4083 recepit
1420 4014 1480 4062 ter·

218 4110 343 4171 minum
367 4109 406 4170 ad
431 4107 701 4190 respondendum.

325 4217 403 4277 Item
428 4215 581 4277 Nicolaus
604 4215 708 4295 Bolog
725 4227 835 4275 contra
859 4213 1039 4275 Iohannem
1056 4212 1234 4274 Barbacum
1259 4211 1299 4273 ad
1324 4225 1397 4273 octo
1414 4211 1482 4273 dies

218 4323 338 4404 recepit
372 4321 544 4384 terminum
580 4320 620 4381 ad
655 4320 928 4402 respondendum,
967 4332 998 4380 et
1030 4317 1188 4379 Wlltotha
1231 4318 1336 4401 primo
1369 4318 1481 4380 citatus

219 4442 329 4489 contra
353 4427 503 4490 eundem.

327 4533 406 4594 Item
431 4533 504 4593 Kun
528 4551 630 4613 usque
659 4529 774 4593 festum
810 4528 929 4612 Regis'
960 4530 1082 4591 solvere
1106 4541 1232 4589 tenetur
1263 4528 1307 4591 St.
1333 4527 1392 4589 IIII'
1411 4527 1480 4592 flor.

216 4637 294 4700 ‘cum
320 4639 428 4701 medio
453 4640 520 4700 sine
545 4638 714 4701 dilacIone.

326 4797 339 4824 *
359 4796 497 4862 Kraljevo,
518 4816 549 4841 =
569 4797 664 4845 festum
682 4811 702 4847 s.
722 4794 848 4860 Stephani
866 4795 943 4858 regia.
