3488 5250
639 332 725 389 Anno
750 343 839 408 1359.
866 365 906 374 —-
929 346 962 405 9.
987 332 1099 405 aprilis.
1445 349 1501 412 123

243 430 300 446 ...Δ-

349 544 425 603 Item
452 540 546 602 luech
572 541 672 602 Piuka
705 561 805 621 usque
838 541 1079 622 quindecimum
1107 539 1193 601 diem
1224 553 1350 602 tenetur
1379 541 1503 602 solvere

243 651 362 712 Iacobo
387 647 454 710 tilio
479 648 609 730 Endrey
635 648 720 708 Lxx
742 647 850 710 denar.
875 648 982 708 minus
1003 667 1079 709 uno.

347 755 424 816 Item
451 755 537 815 Mara
563 768 673 815 contra
696 752 874 834 Georgium
900 754 1051 834 pistorem
1070 767 1184 815 octavo
1208 753 1259 814 die
1284 766 1349 814 met
1364 752 1503 814 secunda

242 860 346 941 jurare
371 861 475 924 debet.

348 966 424 1027 Item
450 964 544 1027 Iuech
570 980 601 1026 et
625 966 742 1026 Demse
779 980 888 1028 contra
923 968 1052 1028 Markus
1084 966 1188 1048 prImo
1212 965 1332 1045 judicio
1355 977 1503 1025 tenentur

242 1072 445 1152 respondere.

346 1179 424 1239 Item
448 1179 552 1239 Draxe
576 1192 686 1239 contra
711 1179 848 1239 Pousam
873 1177 1015 1238 secundo
1039 1178 1152 1239 citatus
1180 1195 1244 1237 non
1269 1174 1457 1256 comparuit.

346 1284 423 1344 Item
442 1304 543 1365 usque
559 1284 802 1364 quindecimum
826 1284 912 1344 diem
930 1285 1067 1344 Iacobus
1091 1283 1219 1344 Zirotka
1232 1295 1356 1342 tenetur
1379 1280 1502 1341 solvere

244 1389 314 1449 Elie
338 1408 436 1471 parvo
461 1390 518 1450 XI.
548 1390 704 1450 denarios.

347 1494 424 1556 Item
450 1495 615 1556 Farcasius
639 1493 727 1556 faber
751 1507 859 1556 contra
885 1495 1069 1575 Dragonam
1095 1506 1236 1554 sutorem
1262 1491 1366 1574 prImo
1390 1491 1502 1552 citatus

241 1619 306 1661 non
331 1601 519 1683 comparuit.

347 1707 424 1767 Item
449 1708 473 1766 si
507 1722 692 1768 executores
724 1707 904 1768 testamenti
939 1704 1181 1788 Endreykonis,
1210 1701 1378 1764 Elizabeth
1410 1701 1502 1762 matri

240 1812 365 1873 Nicolai
393 1813 463 1873 ruffi
489 1833 590 1893 usque
615 1813 795 1894 quindenas
820 1812 871 1872 IIII
890 1831 1011 1873 marcas
1034 1830 1098 1872 non
1122 1810 1258 1887 solvent,
1283 1822 1357 1870 tunc
1386 1807 1502 1869 vendet

241 1937 298 1999 pro
322 1918 443 1980 eisdem
467 1919 595 1979 vineam
620 1918 718 2000 ipsius
742 1917 975 2000 Endreykonis.

345 2025 423 2086 Item
447 2025 521 2086 licet
552 2025 704 2106 magistro
725 2025 860 2086 Nicolao
891 2024 1002 2085 Touth
1035 2022 1129 2085 fuerit
1161 2022 1379 2099 commissum,
1411 2033 1445 2081 ut
1469 2020 1501 2081 in

242 2132 379 2211 presenti
405 2130 525 2209 judicio
556 2145 665 2193 contra
699 2130 878 2192 iohannem
909 2130 1115 2211 iobagionem
1146 2148 1238 2190 suurn
1273 2127 1503 2210 comparuisset

240 2248 271 2296 et
294 2237 510 2318 proposuisset
535 2250 643 2299 contra
669 2236 807 2298 eundem
842 2237 867 2297 si
893 2256 956 2317 que
980 2237 1152 2313 habuisset,
1185 2249 1293 2296 tamen
1326 2254 1390 2295 non
1415 2233 1502 2294 venit

242 2361 299 2402 nec
324 2341 419 2403 misit.

347 2447 423 2508 Item
450 2468 544 2509 causa
568 2468 631 2529 que
654 2450 788 2510 vertitur
812 2449 894 2509 Inter
926 2448 1079 2509 Mathiam
1104 2462 1134 2508 et
1158 2446 1338 2508 Iohannem
1364 2445 1404 2506 ad
1428 2460 1501 2507 octo

240 2554 309 2615 dies
333 2554 372 2614 ad
396 2573 507 2635 pacem
532 2569 578 2616 est
603 2570 783 2636 prorogata.

346 2661 423 2720 Item
448 2673 562 2721 octavo
587 2660 638 2721 die
663 2661 811 2742 quitquid
845 2660 1062 2723 Lancholotus
1085 2660 1146 2722 fide
1177 2680 1233 2721 sua
1258 2659 1419 2720 mediante
1443 2658 1501 2719 Pe·

239 2779 322 2827 trum
346 2765 474 2828 fratrem
500 2767 575 2828 Jaxe
599 2767 659 2828 sibi
683 2768 784 2829 teneri
809 2767 987 2846 asseruerit,
1012 2767 1078 2850 ipse
1103 2767 1214 2828 Petrus
1245 2765 1370 2827 solvere
1395 2764 1499 2826 eidem

240 2873 409 2934 tenebitur.

345 2979 423 3040 Item
448 2978 532 3040 idem
558 2980 669 3040 Petrus
693 2979 808 3041 eodem
833 2980 885 3040 die
917 2994 1027 3042 contra
1061 2979 1182 3041 dictum
1209 2978 1442 3039 Lanchoiotum
1468 2979 1500 3039 in

242 3082 325 3146 facto
350 3085 444 3146 unius
468 3085 582 3146 lodicis
606 3085 709 3164 jurare
732 3099 867 3148 tenetur.

347 3191 423 3252 Item
443 3204 557 3252 octavo
582 3190 633 3253 die
652 3191 788 3253 Michael
810 3191 894 3253 filius
919 3191 1030 3252 Kuche
1047 3211 1103 3273 per
1127 3192 1255 3252 Maritus
1275 3189 1445 3271 Zequirich
1470 3203 1501 3251 et

240 3295 401 3357 Andream
416 3296 614 3358 sacerdotem
630 3298 850 3359 testimonium
868 3297 1044 3379 producere
1068 3310 1193 3358 tenetur
1216 3315 1312 3379 super
1335 3315 1385 3374 eo,
1410 3295 1498 3377 quod

241 3400 401 3482 Georgius
425 3401 508 3464 filius
533 3404 612 3464 Suik
634 3404 694 3464 sibi
719 3404 758 3464 III
782 3423 897 3485 pensas
920 3417 1054 3466 tenetur.

345 3507 421 3569 Item
447 3509 581 3571 Peterko
605 3523 694 3571 sutor
719 3523 828 3572 contra
858 3530 1014 3592 precones
1037 3511 1077 3571 ad
1103 3523 1175 3572 octo
1207 3510 1275 3571 dies
1298 3510 1417 3592 recepit
1439 3525 1500 3571 ter·

240 3613 363 3674 minum
388 3613 427 3674 ad
453 3615 725 3697 respondendum.

344 3720 420 3779 Item
453 3720 527 3800 quia
557 3721 689 3782 domina
721 3720 862 3782 Blancha
893 3736 923 3782 et
954 3741 1036 3782 uxor
1059 3726 1168 3805 Arney
1203 3722 1332 3783 sartoris
1356 3722 1498 3804 Crupam

238 3823 336 3885 filiam
361 3822 434 3886 God
463 3839 494 3887 et
525 3830 651 3888 Annam
685 3828 853 3889 mulierem
882 3829 1099 3906 verberarunt,
1130 3828 1274 3890 convicte
1298 3841 1371 3889 sunt
1402 3829 1434 3889 in
1459 3828 1497 3889 IIl

241 3929 367 4007 marcis,
391 3929 470 3990 duas
493 3933 617 3993 solvere
641 3932 725 3994 dicte
750 3934 860 4016 Krupe
884 3947 915 3995 et
937 3935 1067 3995 terciam
1085 3940 1188 4014 Anne,
1213 3934 1357 4016 qualibet
1379 3934 1499 3996 medie·

238 4048 336 4096 tatem
361 4047 392 4096 et
415 4034 511 4115 judici
539 4037 681 4099 invenite
704 4039 913 4101 voluntatem.

347 4140 423 4200 Item
457 4142 531 4221 quia
564 4142 675 4204 Petrus
705 4163 804 4224 gener
833 4144 950 4206 chhe
978 4145 1131 4206 Mathiam
1162 4144 1290 4206 fratrem
1322 4146 1427 4207 Vanae
1458 4146 1498 4207 ad

237 4257 345 4324 guttur
361 4247 524 4326 percussit,
539 4249 703 4310 convictus
720 4264 766 4310 est
779 4251 811 4311 in
835 4272 898 4313 una
920 4271 1024 4313 marca
1042 4252 1101 4334 ipsi
1116 4254 1159 4313 M.
1176 4266 1207 4313 et
1223 4252 1320 4333 judici
1334 4253 1366 4313 in
1380 4253 1497 4315 media.

344 4351 421 4412 Item
449 4353 480 4413 in
505 4354 677 4434 quindenis
701 4356 1022 4419 EmericusKochich
1047 4372 1171 4419 tenetur
1195 4359 1271 4420 dare
1293 4360 1334 4420 N.
1359 4358 1497 4420 carnifici

239 4454 304 4516 duo
329 4459 536 4537 coquulearia
559 4473 709 4539 argentea
732 4462 783 4524 vel
807 4463 960 4524 valorem.

344 4562 423 4625 Item
446 4564 521 4626 lieet
545 4564 690 4628 Thomas
714 4566 854 4629 carnifex
879 4569 1058 4630 Iohannem
1090 4569 1192 4631 filiurn
1216 4571 1384 4633 Laurencii
1408 4571 1497 4653 legit-

238 4667 314 4728 time
339 4670 438 4731 nostri
462 4670 614 4732 citaverat
638 4671 669 4732 In
694 4674 903 4753 presenciam,
926 4688 1033 4736 tamen
1058 4696 1123 4737 non
1147 4676 1235 4738 venit
1260 4696 1318 4738 nec
1342 4677 1436 4741 misit.

346 4775 422 4836 Item
448 4776 534 4837 Elias
557 4796 673 4857 parvus
697 4792 807 4840 contra
834 4780 1007 4842 Martinam
1032 4801 1160 4844 mosnar
1183 4783 1338 4846 similiter.
