3488 5250
608 334 695 393 Anno
718 328 812 411 1364.
836 363 879 374 -
902 327 954 394 26.
969 331 1124 409 januarii.

240 437 535 446 ——.

363 565 461 640 Ferla
488 575 587 641 sexte
615 576 694 658 post
721 567 847 640 festam
874 569 1105 640 conversionis
1134 569 1242 641 sancti
1274 566 1381 640 Penii.

751 716 815 799 (26.
830 721 997 799 januaris).

347 861 455 927 Primo
466 861 564 928 tercie
581 859 659 927 seris
676 860 843 926 Emericus
856 858 996 927 famulus
1013 858 1139 925 Criecui
1156 857 1273 938 jurabit
1286 877 1319 922 ee
1335 856 1507 937 secundus,

240 965 329 1049 quod
353 985 410 1049 per
434 966 594 1032 Wembez
618 965 714 1032 fuerit
737 965 933 1033 vulneretur.

347 1088 425 1152 item
450 1089 483 1152 in
507 1089 680 1171 quindenis
708 1089 753 1155 St.
778 1087 864 1155 iilius
896 1089 1070 1153 Brotoslou
1100 1101 1226 1151 tenetur
1257 1087 1382 1151 solvere
1405 1086 1506 1151 Paulo

241 1194 354 1276 pictori
380 1194 449 1256 LVI
474 1195 624 1258 florenos.
721 1266 723 1270 Α

347 1298 425 1365 Item
448 1319 551 1382 usque
574 1300 755 1382 quindenos
786 1301 894 1364 relicto
928 1299 1099 1382 Dsmpisni
1130 1298 1275 1362 woschar
1305 1297 1361 1361 Vll
1385 1316 1507 1361 marcas

241 1437 271 1485 et
298 1425 322 1485 L
347 1424 496 1486 denarios
518 1438 645 1486 tenetur
668 1425 793 1486 solvere
817 1422 955 1486 iohanni
981 1421 1082 1486 fabro.

346 1529 424 1592 item
448 1530 623 1614 Jurglynue
645 1529 775 1613 pellifex
800 1542 908 1593 contra
934 1530 1009 1593 Kun
1034 1531 1066 1592 in
1091 1529 1196 1612 primo
1220 1527 1342 1592 iudicio
1365 1526 1441 1590 novi
1458 1525 1506 1607 ju-

242 1635 321 1698 dicis
346 1636 441 1698 debet
464 1655 660 1718 comparere.

349 1759 427 1822 item
452 1779 579 1822 causam
612 1780 709 1842 quarn
744 1759 870 1822 villicus
901 1759 977 1822 ville
1010 1761 1101 1822 Nove
1125 1758 1268 1840 Capituli
1300 1758 1381 1819 inter
1406 1758 1507 1818 Bene·

241 1864 362 1926 dictum
389 1868 429 1927 ab
454 1885 517 1927 una
541 1880 572 1928 et
597 1866 686 1927 Banlc
709 1865 813 1928 civem
837 1866 936 1948 ipsius
959 1866 1036 1928 ville
1069 1866 1109 1927 ab
1133 1866 1233 1926 altere
1257 1864 1351 1926 nobis
1375 1863 1508 1924 duxerat

241 1969 490 2050 terminandam,
514 1970 589 2053 quia
606 1991 662 2053 per
678 1970 901 2033 attestaciones
918 1969 1192 2052 infrascriptorum
1209 1970 1364 2048 virorum,
1387 1968 1507 2030 scilicet

242 2076 352 2138 Jacobi
385 2077 471 2153 Kun‚
503 2077 631 2139 Andree
664 2078 791 2159 Askyu,
823 2076 950 2138 Andree
983 2074 1075 2153 fabri,
1106 2075 1279 2153 Demetrii,
1313 2072 1445 2155 Georgii
1476 2085 1508 2135 et

242 2180 388 2263 Dragech
412 2183 590 2265 reperimus
614 2183 719 2265 ipsum
737 2184 826 2244 Banlr
852 2183 883 2243 in
909 2182 961 2243 die
985 2196 1016 2245 et
1039 2181 1112 2244 loco
1128 2181 1231 2243 solitis
1254 2180 1286 2242 in
1311 2179 1506 2262 deponendo

240 2306 300 2349 suo
330 2288 511 2369 juramento
542 2288 678 2350 dixisse:
703 2288 792 2370 quod
824 2287 934 2350 omnia
966 2306 1028 2369 que
1060 2288 1126 2368 agit
1156 2301 1187 2348 et
1218 2286 1283 2367 egit
1314 2285 1507 2348 Benedictus

241 2413 411 2475 superine
442 2395 476 2456 in
507 2395 658 2457 omnibus
688 2394 748 2455 sibi
781 2413 853 2457 reus
884 2413 1000 2456 noscor
1028 2406 1059 2454 et
1090 2392 1227 2472 debitor,
1259 2406 1290 2454 et
1314 2392 1376 2454 hoc
1400 2391 1506 2454 edicto

242 2518 374 2562 manum
398 2501 557 2577 elevasse;
582 2500 656 2562 ideo
681 2499 881 2562 decrevimus
905 2500 1010 2582 ipsum
1033 2500 1122 2561 Bank
1141 2499 1346 2561 succubuisse
1363 2499 1395 2559 in
1412 2518 1507 2560 causa

242 2618 274 2668 et
296 2606 603 2689 condempnandum
627 2605 667 2668 ad
692 2604 891 2668 solucionem
917 2619 947 2668 et
971 2606 1137 2668 accionem
1168 2623 1261 2667 cause
1289 2604 1405 2666 actoris
1436 2623 1505 2686 pre·

242 2712 343 2774 notati
369 2725 399 2773 et
424 2711 456 2773 in
479 2712 645 2775 tantodem
669 2711 767 2793 judici
791 2731 861 2774 suo.

349 2837 425 2898 item
449 2837 545 2899 tercia
570 2835 647 2898 feria
672 2834 810 2899 Micheel
836 2835 936 2898 Saffar
963 2835 1080 2918 jurabit
1104 2850 1213 2898 contra
1239 2836 1393 2917 Neterger
1417 2834 1506 2915 quod

242 2942 283 3005 de
307 2944 415 3025 precio
440 2943 557 3005 domus
580 2943 640 3005 sibi
666 2943 698 3004 in
722 2941 813 3004 nullo
837 2956 991 3005 teneatur.

349 3049 426 3110 item
444 3049 600 3111 Martinus
616 3068 689 3110 cum
707 3049 842 3130 Maryno
860 3049 976 3110 Latino
994 3067 1097 3130 usque
1114 3047 1226 3109 feriam
1243 3048 1375 3109 terciam
1388 3046 1507 3109 debent

242 3174 362 3237 ponere
385 3155 559 3217 racionem.

349 3260 428 3322 item
452 3279 545 3321 causa
570 3259 702 3343 Georgii
728 3275 759 3323 et
779 3260 907 3322 Andree
926 3260 1060 3342 Hunger
1083 3261 1199 3322 sutoris
1215 3279 1251 3321 ac
1275 3259 1421 3341 lurglyni
1439 3260 1505 3342 pei-

242 3365 334 3429 lificis
357 3367 398 3427 ad
422 3364 536 3428 leriam
559 3366 690 3428 terciam
714 3381 761 3428 est
784 3366 920 3428 deducta
944 3365 985 3427 ad
1013 3386 1134 3448 pacem.

349 3490 426 3552 item
450 3489 547 3551 tercia
571 3486 648 3551 feria
666 3488 783 3571 jurabit
807 3489 873 3550 Juri
898 3509 932 3551 se
957 3489 1073 3550 tercius
1090 3502 1199 3551 contra
1225 3488 1300 3550 luan
1325 3489 1413 3570 quod
1430 3508 1506 3550 eum

243 3616 308 3659 non
332 3595 532 3679 percusserit.

349 3702 426 3764 item
452 3701 528 3762 luan
553 3701 673 3781 juratus
691 3700 744 3762 1111
762 3721 877 3782 pensas
901 3701 1007 3762 minus
1023 3701 1052 3761 X
1070 3699 1209 3761 denariis
1231 3714 1359 3763 tenetur
1382 3700 1505 3762 solvere

244 3809 289 3871 St.
314 3807 507 3869 stacionario
540 3826 640 3888 usque
665 3806 847 3888 quindenas
878 3806 953 3888 quia
986 3806 1102 3867 iuravit
1132 3825 1227 3888 super
1257 3806 1352 3889 ipsis;
1376 3822 1406 3868 et
1430 3807 1506 3887 quia

243 3928 371 3996 recepto
395 3912 534 3974 termino
559 3913 599 3974 ad
616 3911 878 3994 respondendum
896 3932 961 3974 non
978 3912 1169 3994 comparuit,
1190 3911 1264 3974 ideo
1288 3911 1414 3992 judiciis
1430 3931 1505 3972 con-

243 4020 339 4081 svetis
363 4032 409 4080 est
432 4033 632 4099 aggravatus.

349 4125 427 4187 item
451 4122 528 4185 seria
552 4125 649 4186 tercia
673 4124 827 4186 Salomon
860 4144 893 4187 se
917 4125 1033 4186 tercius
1058 4124 1173 4185 iurabit
1207 4136 1316 4185 contra
1341 4122 1505 4184 Thomam

244 4231 381 4312 Gurgini
406 4230 493 4312 quod
518 4230 632 4292 silvam
656 4249 747 4292 suam
772 4249 836 4292 uon
862 4231 1056 4292 mactaverit.

349 4355 427 4417 item
458 4355 533 4437 quia
565 4354 706 4416 chhlro
737 4355 876 4437 piscator
906 4373 962 4436 per
994 4351 1105 4415 efficax
1135 4353 1356 4416 testimonium
1388 4372 1421 4413 se
1450 4371 1507 4433 per

243 4461 373 4524 Petrum
397 4460 588 4542 Hungarum
614 4461 816 4522 verberatum
841 4460 1074 4542 comprobavit,
1091 4460 1164 4522 ideo
1188 4460 1294 4542 ipsum
1318 4459 1448 4521 Petrum
1472 4459 1506 4520 in

243 4567 369 4629 duabus
392 4579 422 4628 et
447 4566 552 4628 media
576 4567 691 4628 marcis
714 4586 773 4648 pro
795 4581 885 4649 parte
912 4566 1043 4628 adversa
1068 4579 1099 4627 et
1131 4566 1162 4627 in
1186 4565 1293 4627 medis
1316 4584 1375 4647 pro
1399 4565 1505 4643 judice

244 4673 394 4735 duximus
407 4686 612 4754 agrsvetum3
635 4686 667 4734 et
690 4673 830 4754 quieter
853 4671 967 4735 citatus
989 4691 1055 4733 non
1076 4672 1266 4754 comparuit,
1282 4670 1357 4734 ideo
1381 4670 1507 4751 judiciis

243 4780 402 4842 consvetis
434 4793 480 4842 est
510 4793 697 4862 agravatus3
729 4777 806 4841 ieris
838 4798 914 4841 vero
946 4778 1043 4842 tercia
1075 4778 1193 4841 iurebit
1223 4778 1291 4862 ipse
1322 4777 1441 4839 chhk
1472 4796 1506 4840 se
