3488 5250
341 552 419 614 ltem
439 550 564 615 Malech
589 552 628 613 de
645 552 796 614 Pobresia
813 551 942 634 jobagio
959 553 1087 614 Andree
1108 552 1219 614 Pulani
1240 565 1350 614 contra
1369 551 1497 614 Lachko

236 670 345 720 contra
371 658 475 739 ipsum
499 658 604 739 primo
629 658 741 720 citatus
766 678 830 719 non
854 660 1043 740 comparuit.

341 762 419 825 Item
452 784 543 825 causa
577 784 639 845 que
672 765 805 826 vertitur
835 765 917 826 inter
944 765 1154 827 Benedictum
1175 765 1288 826 Braich
1320 779 1351 826 et
1376 764 1421 827 St.
1453 777 1499 827 est

235 883 362 951 recepta
386 870 425 930 ad
449 889 561 952 pacem
585 869 625 931 ad
650 884 722 932 octo
747 869 823 934 dies.

342 976 420 1037 Item
445 975 590 1037 Andreas
614 975 753 1037 frenator
777 977 873 1038 debet
896 975 1089 1058 respondere
1106 990 1217 1038 contra
1240 976 1376 1038 Paulum
1400 976 1498 1059 pisto·

237 1101 302 1143 rem
328 1081 448 1143 dictum
474 1081 676 1143 Chezanicha
700 1082 741 1143 ad
765 1081 1027 1164 respondendum
1052 1101 1153 1164 usque
1177 1095 1250 1144 octo
1275 1082 1353 1144 dies.

344 1205 420 1266 Item
452 1225 532 1266 uxor
563 1205 666 1267 Draxe
699 1206 804 1288 primo
837 1205 930 1267 citata
962 1218 1073 1267 contra
1105 1204 1282 1287 Georgium
1308 1207 1404 1268 Zolar
1433 1225 1498 1267 non

238 1311 427 1392 comparuit.

342 1417 420 1478 Item
446 1417 541 1478 debet
572 1417 792 1479 testimonium
824 1416 1002 1500 producere
1032 1416 1198 1479 Korardus
1227 1430 1337 1479 contra
1362 1416 1498 1500 Mykech

237 1542 311 1584 cum
335 1523 482 1584 Porkone
507 1538 538 1586 et
562 1543 660 1586 uxore
684 1544 740 1585 sua
764 1543 866 1605 usque
889 1537 963 1585 octo
987 1524 1064 1587 dies.

288 1658 293 1666 ·
344 1628 421 1690 Item
448 1632 540 1690 Anna
565 1648 644 1691 uxor
678 1631 799 1692 Mareni
831 1644 940 1692 contra
972 1649 1106 1692 uxorem
1138 1630 1363 1692 Fraciskouich
1394 1629 1499 1712 primo

239 1735 331 1796 citata
357 1755 422 1796 non
446 1736 634 1817 comparuit.

343 1840 420 1901 Item
446 1840 591 1902 Andreas
615 1839 705 1903 faber
729 1841 824 1904 debet
851 1836 1073 1904 testimonium
1105 1841 1281 1924 producere
1306 1855 1415 1903 contra
1440 1841 1499 1902 Mi-

241 1944 385 2007 chaelem
400 1945 510 2007 Ortolf
521 1966 594 2008 cum
608 1947 709 2009 Paulo
722 1947 843 2029 pictore
861 1961 892 2009 et
908 1946 1071 2030 Stephano
1084 1962 1203 2009 sartore
1217 1967 1318 2028 usque
1335 1959 1408 2008 octo
1421 1946 1499 2009 dies.

347 2070 423 2131 Item
450 2070 534 2132 idem
559 2071 704 2133 Andreas
728 2086 837 2133 contra
862 2071 1002 2133 eundem
1019 2070 1239 2133 testimonium
1263 2070 1359 2131 debet
1381 2069 1500 2152 produ-

238 2195 309 2237 cere
334 2196 406 2239 cum
433 2176 589 2239 Michaele
614 2176 708 2239 fratre
732 2177 860 2240 lectoris
883 2192 914 2240 et
937 2197 1010 2239 cum
1035 2178 1129 2238 Petro
1158 2177 1301 2238 Barbaco
1325 2176 1428 2258 primo
1452 2175 1500 2257 ju·

240 2280 324 2343 dicio
349 2281 505 2344 adventus
529 2283 603 2345 dicti
631 2284 816 2367 Mychaelis.
869 2290 877 2306 ⁸

345 2389 424 2451 Item
448 2409 542 2451 causa
567 2410 629 2473 que
654 2391 786 2452 vertitur
809 2390 890 2453 inter
906 2391 1077 2453 Nicolaum
1102 2370 1149 2453 est
1165 2388 1343 2452 Francham
1366 2401 1412 2451 est
1427 2408 1501 2471 pro·

239 2509 349 2576 rogata
373 2494 413 2556 ad
437 2515 549 2578 pacem
574 2515 676 2578 usque
700 2509 773 2558 octo
797 2496 875 2558 dies.

346 2620 441 2698 Nota,
464 2620 552 2701 quod
577 2621 627 2682 isti
643 2621 723 2682 tales
740 2621 1000 2704 quandocunque
1014 2621 1216 2683 invenientur
1232 2618 1399 2681 videlicet:
1419 2618 1501 2679 Lau·

240 2726 365 2787 rencius
388 2740 419 2787 et
435 2727 554 2788 Vlumk
572 2741 647 2789 tunc
672 2727 825 2789 deberent
841 2728 973 2811 perdere
991 2748 1092 2790 unum
1120 2727 1300 2789 membrum
1319 2726 1351 2787 in
1369 2738 1445 2787 note
1454 2721 1501 2807 (i).

294 2964 389 3047 Nota,
419 2965 504 3053 quod
536 2955 635 3054 (feria
660 2953 784 3056 tercia)
812 2975 891 3054 post
918 2965 1041 3037 festum
1069 2960 1284 3036 incensionis
1312 2964 1449 3034 domini.

779 3145 842 3213 (19.
866 3137 960 3213 mart).

348 3294 455 3354 Primo
479 3293 592 3354 citatus
616 3294 693 3354 luen
718 3293 821 3355 dictus
845 3292 985 3355 Plauech
1009 3307 1119 3355 contra
1143 3291 1356 3354 Laurencium
1379 3290 1501 3352 dictum

241 3398 380 3461 Vardich
404 3419 470 3460 non
495 3401 683 3481 comparuit.

347 3507 425 3568 Item
450 3506 601 3567 dominus
627 3506 761 3588 Mykech
787 3506 947 3567 Leunardi
972 3507 1067 3568 debet
1090 3504 1282 3588 respondere
1307 3525 1407 3586 usque
1429 3518 1502 3566 octo

243 3613 321 3691 dies,
345 3627 376 3674 et
399 3613 514 3674 ancilla
538 3632 594 3673 sua
618 3612 760 3674 secundo
784 3613 877 3675 citata
901 3631 966 3673 non
991 3611 1179 3693 comparuit.

261 3777 264 3782 -
348 3736 424 3797 Item
451 3735 642 3797 Benedictus
666 3736 761 3796 debet
784 3735 1004 3797 testImonium
1034 3734 1212 3816 producere
1237 3748 1347 3795 contra
1372 3732 1501 3795 Mladen

243 3862 313 3904 cum
340 3843 433 3904 Petro
453 3842 612 3924 pilliatore
636 3857 666 3903 et
691 3842 798 3902 Paulis
814 3862 850 3902 ac
874 3840 1033 3922 Gregorio
1050 3842 1216 3923 vigilatore
1242 3860 1342 3923 usque
1366 3840 1502 3923 primam

243 3949 443 4011 citacionem.

349 4055 426 4116 ltem
451 4053 642 4116 Marichicha
668 4069 698 4116 et
722 4055 819 4116 luana
843 4067 952 4115 contra
970 4052 1123 4114 Burinam
1147 4053 1288 4114 secundo
1313 4053 1404 4114 citate
1437 4072 1502 4113 non

244 4175 500 4243 comparuerunt.

350 4267 426 4327 Item
452 4268 537 4349 Suga
562 4281 671 4330 contra
694 4271 823 4328 Annam
847 4265 989 4328 secundo
1018 4265 1110 4327 citata
1135 4284 1200 4327 non
1225 4264 1414 4347 comparuit.

349 4373 425 4434 Item
450 4374 604 4435 Nicolaus
621 4373 839 4435 Kuroredicha
863 4371 1004 4434 secundo
1028 4371 1141 4433 citatus
1171 4391 1235 4432 non
1260 4371 1449 4452 comparuit,
1473 4384 1505 4432 et

244 4479 385 4540 secundo
418 4481 530 4541 citatus
562 4481 666 4541 Vanse
698 4495 808 4543 contra
843 4480 949 4541 Petres
988 4476 1168 4539 carnificem
1200 4497 1302 4560 usque
1332 4490 1405 4539 octo
1437 4477 1505 4538 dies

246 4586 340 4647 debet
364 4586 566 4667 respondere.
1067 4648 1077 4669 ⁸

351 4693 427 4753 Item
451 4692 492 4752 ad
514 4711 624 4772 pacem
649 4703 837 4772 receperunt
860 4710 988 4752 causam
1013 4691 1095 4752 inter
1118 4690 1157 4753 N.
1182 4702 1213 4753 et
1235 4689 1323 4752 luan.

350 4798 428 4859 Item
453 4798 672 4860 testimonium
696 4797 848 4880 produxit
871 4796 1045 4859 Korardus.
