3488 5250
627 344 714 401 Anno
736 341 826 419 1362.
851 377 895 386 —
919 357 965 402 12.
990 345 1118 416 augusti.

351 551 429 614 ltem
453 553 606 613 Nicotaus
637 551 853 633 carpentarius
886 552 960 633 quia
992 552 1032 613 ad
1057 553 1284 614 evocacionem
1318 553 1454 616 Bartuch
1480 569 1510 616 et

243 657 372 719 Andree
394 657 570 737 juratorum
594 678 659 720 non
685 658 782 735 venit,
807 658 959 719 remansit
983 659 1014 719 in
1039 659 1141 720 tribus
1166 659 1282 740 pensis.

349 765 426 826 Item
450 766 509 825 sub
541 784 623 846 pena
657 764 800 845 quinque
831 783 1009 826 marcarum
1043 765 1197 826 Crisanus
1228 786 1245 826 a
1278 766 1365 827 curia
1399 765 1508 827 Jacobi

243 869 401 932 Kuzmich
427 871 522 931 debet
545 890 579 932 ae
604 870 762 931 asseribus
786 871 922 932 munire.

348 977 427 1038 Item
451 977 547 1038 luana
579 990 689 1038 contra
714 975 950 1056 Margaretham
974 976 1078 1057 primo
1111 977 1204 1037 citata
1229 996 1294 1037 non
1319 978 1508 1059 comparuit.

350 1083 425 1144 ltem
451 1082 545 1163 judex
565 1102 666 1164 usque
683 1096 832 1143 octavum
857 1082 942 1142 diem
960 1080 1162 1143 fideiussorio
1179 1083 1310 1144 nomine
1328 1102 1384 1165 per
1401 1085 1508 1166 Matey

242 1187 281 1248 de
307 1187 477 1250 Gradchan
502 1203 628 1250 tenetur
661 1188 842 1249 satisfacere
876 1188 915 1248 de
949 1187 1086 1268 terragio
1111 1187 1186 1248 anni
1219 1189 1359 1269 preteriti
1385 1203 1416 1250 et
1438 1210 1508 1271 pre-

242 1295 350 1372 sentis,
379 1295 499 1356 scilicet
526 1296 555 1355 X
586 1294 721 1356 cubulos
750 1294 869 1355 Mathie
893 1293 1052 1370 litterato;
1078 1306 1108 1355 et
1136 1294 1212 1375 quia
1237 1294 1288 1355 die
1312 1295 1345 1356 in
1370 1297 1507 1377 presenti

242 1399 341 1461 veluti
366 1401 504 1461 termino
528 1401 687 1481 assignato
712 1418 778 1460 non
803 1400 993 1480 comparuit,
1018 1398 1092 1461 ideo
1118 1399 1239 1460 iudicio
1263 1414 1309 1461 est
1334 1400 1507 1463 honeratus

242 1519 405 1570 consvet0.

348 1612 425 1673 ltem
450 1613 525 1694 quia
545 1611 690 1673 Thomas
708 1610 847 1692 frenipar
870 1609 974 1690 judice
992 1630 1050 1691 pro
1067 1612 1219 1672 tribunali
1243 1613 1372 1673 sedente
1391 1613 1505 1674 Katam

242 1719 411 1778 mulierem
435 1719 539 1780 verbis
563 1718 746 1800 opprobriis
778 1716 891 1794 affecit,
920 1717 1072 1779 remansit
1096 1717 1128 1777 in
1154 1716 1279 1778 duabus
1311 1718 1425 1779 marcis
1448 1738 1507 1800 pro

241 1823 354 1884 eadem
380 1838 409 1885 et
433 1823 530 1904 judici
556 1825 587 1885 in
614 1844 686 1884 una.

348 1930 423 1991 Item
449 1931 474 1990 si
499 1931 585 1991 idern
610 1928 756 1989 Thomas
781 1929 812 1989 in
838 1930 898 1990 alia
924 1948 1016 1990 causa
1041 1928 1150 2009 judici,
1175 1928 1280 1990 eidem
1296 1930 1375 1991 Kate
1394 1944 1425 1991 et
1442 1930 1506 1992 Do·

242 2049 317 2097 nato
342 2036 483 2098 inveniet
506 2036 716 2111 voluntatem,
750 2037 832 2096 bene
864 2035 1013 2116 quidem,
1038 2034 1182 2114 alioquin
1215 2033 1338 2113 justicia
1363 2035 1506 2116 partibus

240 2140 446 2223 producetur.

346 2249 425 2309 Item
450 2246 621 2329 persolutis
643 2246 741 2327 judici
766 2259 798 2307 et
820 2246 914 2309 Petro
940 2244 1094 2306 Valterini
1119 2245 1177 2305 XV
1196 2244 1321 2305 cubulis
1345 2244 1420 2305 novi
1438 2245 1504 2306 vini

240 2372 296 2434 per
321 2353 490 2414 Nicolaum
516 2352 674 2431 Todcam‚
699 2351 784 2413 idem
810 2352 937 2413 vineam
961 2371 1052 2412 suam
1077 2350 1299 2411 vindemiabit.

346 2458 423 2520 ltem
450 2458 592 2522 Cussech
610 2472 719 2520 contra
744 2459 917 2519 Martinam
935 2457 975 2517 ad
997 2470 1070 2518 octo
1095 2457 1163 2517 dies
1187 2457 1305 2538 recepit
1328 2456 1504 2518 terminum

240 2563 281 2624 ad
307 2564 578 2646 respondendum.

345 2671 424 2732 Item
448 2684 562 2732 octavo
587 2671 638 2733 die
662 2670 815 2731 Nicolaus
835 2668 919 2730 lilius
943 2669 1019 2729 luan
1043 2667 1191 2729 homines
1221 2686 1307 2747 suos,
1332 2667 1499 2729 videlicet:

245 2776 370 2858 Sugech
388 2789 418 2836 et
442 2776 636 2858 Symeonem
663 2775 798 2837 Bruzich
824 2789 949 2837 tenetur
972 2788 1007 2836 ut
1030 2775 1201 2856 assumpsit
1224 2788 1333 2836 contra
1359 2773 1501 2836 Obraam

239 2897 271 2944 et
295 2883 449 2943 Jacobum
475 2895 611 2943 statuere
635 2882 675 2943 ad
692 2882 861 2961 iusticiam,
878 2896 909 2943 et
925 2881 1055 2943 eosdem
1074 2899 1212 2942 unacum
1230 2880 1335 2960 judice
1352 2880 1503 2961 judicare.

345 2989 421 3049 ltem
447 3008 539 3049 causa
573 2988 649 3048 luan
682 3002 713 3049 et
745 2988 827 3049 Petri
860 2986 915 3049 filii
950 2987 1082 3068 Georgii
1117 3001 1163 3048 est
1194 2987 1234 3047 ad
1267 2999 1340 3048 octo
1365 2985 1434 3047 dies
1465 2986 1504 3046 ad

238 3113 350 3175 pacem
371 3108 550 3176 prorogata.

347 3200 423 3261 ltem
450 3220 542 3261 causa
569 3200 613 3262 St.
645 3200 738 3280 jurati
771 3214 802 3261 et
831 3199 996 3260 Michaelis
1027 3197 1106 3259 fabri
1138 3213 1186 3260 est
1216 3199 1320 3259 taliter
1344 3196 1499 3278 judicata:

238 3308 343 3388 primo
368 3327 447 3368 uxor
471 3307 570 3388 ipsius
602 3305 769 3368 Michaelis
800 3305 927 3382 iurabit,
959 3305 1048 3385 quod
1078 3306 1203 3384 cignem
1236 3305 1335 3385 ipsius
1360 3304 1404 3368 St.
1437 3304 1501 3366 ictu

238 3412 368 3494 lapideo
393 3432 457 3473 non
483 3410 659 3488 interfecit;
693 3411 823 3473 demum
856 3409 941 3471 idem
975 3410 1113 3472 Michael
1137 3430 1170 3471 se
1202 3409 1361 3471 secundus
1385 3408 1502 3489 jurabit

237 3519 324 3599 quod
350 3538 481 3580 uxorem
508 3519 607 3600 ipsius
633 3518 677 3579 St.
702 3537 766 3578 non
792 3516 1003 3598 vituperavit;
1029 3529 1059 3576 et
1084 3517 1158 3598 quia
1184 3516 1268 3576 idem
1295 3515 1340 3577 St.
1366 3514 1501 3576 eandem

238 3644 370 3686 uxorem
395 3645 484 3686 suarn
510 3625 688 3686 adscitum
722 3623 819 3685 Marci
847 3623 1005 3684 sellatoris
1041 3636 1071 3683 et
1096 3622 1229 3703 Georgii
1253 3621 1293 3683 de
1317 3622 1399 3702 Vgra
1426 3619 1504 3681 dixit

236 3749 305 3791 esse
329 3731 552 3813 vituperatum,
577 3729 857 3810 requisivissetque
883 3729 986 3810 ipsum
1006 3727 1196 3789 Michaelem
1221 3727 1261 3787 ad
1285 3727 1399 3788 scitum
1418 3727 1503 3787 Mor·

236 3848 330 3896 tonos
353 3834 511 3896 sellatoris
535 3848 565 3896 et
588 3834 716 3896 Andree
741 3833 909 3896 frenatoris
934 3848 968 3895 ut
991 3833 1050 3894 sibi
1076 3853 1114 3895 ex
1138 3847 1226 3914 parte
1251 3833 1360 3894 uxoris
1383 3831 1501 3893 faceret

237 3941 406 4021 iusticiam,
423 3941 497 4002 ideo
514 3941 566 4001 die
579 3941 611 4001 in
626 3941 741 4003 eodem
761 3954 891 4001 neutros
908 3953 1003 4001 testes
1019 3939 1194 4021 producere
1213 3937 1352 4015 debebit,
1373 3950 1500 3999 centum

236 4037 312 4107 vero
347 4060 379 4108 et
413 4061 551 4126 quatuor
586 4046 733 4106 denarios
768 4046 799 4106 in
837 4045 1008 4127 quindenis
1044 4045 1129 4105 idern
1167 4043 1302 4104 Michael
1339 4043 1398 4103 sibi
1438 4043 1500 4103 sol-

237 4172 310 4214 vere
340 4151 444 4214 debet.

343 4258 421 4320 ltem
452 4257 610 4339 Georgius
642 4258 680 4318 de
712 4258 796 4339 Vgra
829 4270 937 4318 contra
972 4256 1115 4316 Blasium
1145 4256 1249 4336 primo
1287 4255 1400 4316 citatus
1436 4273 1501 4315 non

237 4364 425 4446 comparuit.
1009 4441 1013 4449 '

344 4470 420 4531 ltem
451 4470 598 4551 quamvis
631 4468 824 4551 Oppricicha
857 4468 1002 4531 Cernech
1036 4469 1088 4530 die
1112 4468 1143 4529 in
1177 4468 1314 4548 presenti
1341 4466 1503 4526 debuisset

235 4575 412 4656 producere
437 4589 471 4636 ut
495 4589 708 4657 assumpserat
724 4575 945 4637 testimonium
969 4594 1064 4655 super
1086 4574 1124 4633 lll
1151 4571 1219 4634 flor.
1245 4586 1354 4635 contra
1372 4572 1501 4632 Petrum

236 4680 337 4743 lilium
364 4681 448 4759 God,
472 4695 579 4743 tamen
604 4701 669 4743 uon
702 4681 790 4742 venit
821 4702 878 4743 nec
910 4680 1131 4742 testimonium
1164 4677 1308 4756 adduxit,
1333 4677 1407 4739 ideo
1431 4695 1501 4758 per·

235 4787 317 4850 didit
341 4808 479 4851 causam.
