3488 5250
281 314 343 397 338
668 313 929 393 Am1365.-
952 315 1005 378 26.
1028 319 1156 392 augusti.

384 525 462 588 Item
487 525 624 588 Jancech
647 523 807 587 aurifaber
836 539 946 588 contra
963 524 1135 588 Nicolaum
1157 525 1357 590 aurifabrum
1380 529 1483 611 prima
1500 530 1544 591 ci·

278 631 405 694 tacione
429 650 495 693 non
520 631 710 712 comparuit.

385 737 464 800 ltem
488 738 646 799 Martinus
668 736 800 799 sellator
828 735 869 798 ad
903 736 1090 818 quindecim
1121 738 1190 800 dies
1211 750 1339 801 tenetur
1369 752 1543 821 protestare

276 862 335 928 per
356 842 521 905 Andream
546 841 740 905 frenatorem
763 855 795 904 et
818 841 990 905 Nicolaum
1018 842 1145 904 Kordar
1175 857 1285 906 contra
1310 844 1543 907 Krauturinum

277 967 373 1031 super
396 948 481 1011 facto
505 948 729 1031 percussionis.

383 1055 462 1116 Item
487 1055 619 1135 Drugen
644 1067 753 1117 contra
782 1054 953 1116 Nicolaum
978 1053 1130 1116 clericum
1161 1054 1264 1137 prima
1296 1055 1453 1118 citacione
1477 1075 1543 1119 non

277 1161 467 1243 comparuit.

382 1264 460 1328 ltem
491 1265 579 1328 Elias
608 1277 720 1328 contra
752 1263 890 1327 Jancech
921 1263 1119 1327 aurifabrum
1149 1266 1252 1348 prima
1284 1267 1442 1330 citacione
1472 1288 1540 1330 non

278 1371 469 1454 comparuit.

384 1477 463 1540 ltem
487 1477 598 1538 Mareu
631 1490 720 1539 sutor
749 1488 860 1538 contra
891 1476 1021 1538 Petrum
1052 1473 1179 1538 fabrum
1209 1477 1349 1539 secunda
1384 1477 1542 1541 citacione

276 1600 344 1644 nou
366 1583 557 1665 comparuit

384 1688 462 1749 ltem
491 1688 601 1749 Maren
627 1685 768 1748 carnifex
791 1699 902 1749 contra
920 1686 1096 1769 Symonem
1121 1687 1319 1750 sacerdotem
1343 1689 1447 1770 prima
1464 1690 1541 1753 cita-

275 1795 370 1856 cioue
394 1813 460 1856 non
490 1793 680 1876 comparuit

382 1898 461 1962 Item
483 1900 621 1962 lacobus
643 1899 773 1960 Zirotka
797 1897 837 1959 ad
869 1910 942 1961 octo
966 1896 1034 1960 dies
1064 1911 1191 1960 tenetur
1213 1897 1318 1980 jurare
1349 1913 1460 1962 contra
1484 1901 1539 1962 Ni·

277 2006 406 2068 colaum
428 2018 584 2068 sartorem
606 2023 702 2087 super
725 2023 775 2083 eo,
798 2004 887 2085 quod
911 2004 979 2085 ipae
1003 2005 1142 2066 lacobus
1164 2005 1225 2066 sibi
1248 2023 1315 2067 uon
1339 2006 1460 2088 recepit
1482 2007 1539 2068 ali·

276 2111 355 2194 quid
380 2112 462 2174 ultra
487 2111 664 2191 jussuum.

380 2217 459 2278 ltem
483 2215 629 2278 Thomas
651 2215 769 2296 longua
792 2214 918 2295 (octavo
936 2213 1000 2295 die)
1025 2227 1135 2276 contra
1151 2215 1325 2276 Martinum
1348 2215 1536 2297 selliparum

267 2321 488 2405 peremptorie
512 2335 638 2383 tenetur
660 2320 853 2401 respondere
877 2319 1040 2381 racionem
1067 2320 1251 2382 redditurus
1274 2320 1315 2382 de
1337 2321 1435 2382 minis
1458 2339 1539 2402 quas

274 2429 335 2510 ipsi
359 2429 512 2511 inposuit.

379 2533 457 2595 ltem
476 2533 587 2594 Petrus
612 2532 730 2612 Loytra
747 2529 891 2592 exhibuit
907 2529 1062 2612 quasdam
1079 2530 1200 2593 litterae
1222 2544 1333 2592 contra
1357 2531 1538 2594 Marketum

272 2658 369 2721 super
392 2638 502 2700 debito
526 2638 615 2698 XXV
640 2636 751 2698 floren.
776 2636 835 2697 sub
859 2655 943 2717 pena
967 2635 1069 2718 dupli,
1086 2637 1206 2717 absque
1228 2636 1342 2717 judicia
1364 2637 1539 2718 porcione;

272 2744 348 2807 ideo
371 2744 412 2805 ad
435 2743 619 2825 quindecim
644 2741 712 2804 dies
735 2741 821 2804 idern
845 2742 989 2803 Marketo
1022 2755 1147 2802 tenetur
1169 2760 1225 2803 eos
1255 2741 1406 2824 expedire
1428 2755 1461 2804 et
1485 2740 1535 2822 ju·

272 2849 379 2911 dicem
402 2848 537 2930 placare.

378 2954 455 3015 ltem
481 2952 618 3033 Artuigh
641 2950 720 3013 feria
742 2964 830 3013 sexta
853 2965 978 3013 tenetur
1009 2950 1112 3032 jurare
1137 2971 1231 3033 super
1254 2951 1381 3014 duobua
1403 2951 1534 3015 florenis

270 3073 382 3122 contra
406 3061 598 3121 Marketum.

377 3167 456 3228 Item
465 3164 987 3228 MalechZolarcontraMarenum
996 3163 1535 3246 secundocitatusnoncomparuit.

377 3272 455 3333 ltem
479 3269 557 3331 feria
580 3283 667 3331 serta
691 3270 837 3352 proxima
853 3268 959 3331 luicha
983 3282 1110 3331 tenetur
1133 3282 1242 3330 contra
1266 3268 1447 3331 iohannem
1469 3283 1533 3333 ata·

269 3377 449 3440 donarium
474 3393 658 3456 comparere
683 3393 755 3436 curn
784 3374 924 3456 quadam
946 3375 1065 3436 tunica.

376 3481 454 3542 ltem
478 3500 558 3542 uxor
582 3480 661 3541 Vale
677 3481 806 3542 sartoris
826 3480 867 3540 ad
890 3494 963 3541 octo
988 3480 1056 3540 dies
1072 3492 1197 3541 tenetur
1220 3479 1324 3558 jurare
1342 3493 1409 3541 met
1422 3481 1532 3543 tercia.

376 3586 453 3647 Item
472 3587 625 3647 Nicolaus
647 3585 733 3648 filius
748 3586 903 3647 Valterini
927 3599 1036 3647 contra
1055 3584 1246 3647 Budizlaum
1262 3586 1405 3647 racundo
1422 3586 1535 3648 citatus

270 3711 337 3753 non
361 3692 550 3773 comparuit.

375 3797 453 3858 Item
485 3797 641 3858 Martinus
671 3795 838 3858 familiaria
869 3796 983 3877 judicis
1013 3809 1140 3858 tenetur
1169 3794 1247 3857 feria
1275 3810 1362 3857 sexta
1394 3796 1530 3877 probare

270 3917 381 3965 contra
398 3947 406 3964 .
424 3947 457 3963 ..

375 4008 453 4069 Item
477 4026 572 4068 causa
603 4026 665 4087 que
698 4008 830 4069 vertitur
861 4008 942 4068 inter
974 4006 1154 4067 Johannem
1186 4007 1305 4089 Bialrup
1333 4019 1364 4067 et
1397 4004 1533 4067 Paulum

269 4114 425 4195 pictorem
449 4112 489 4172 ad
513 4127 586 4173 octo
610 4113 679 4173 dies
703 4127 750 4174 est
772 4125 942 4194 prorogata
967 4112 1006 4173 ad
1032 4131 1153 4193 pacem.

374 4217 453 4279 Item
486 4217 661 4298 Dyoniaiua
692 4217 778 4279 lilius
810 4217 938 4278 Vencbe
968 4230 1182 4298 assumpserat
1211 4215 1300 4296 quod
1330 4228 1530 4297 compareret

271 4322 396 4384 iusticie
420 4335 529 4383 contra
553 4322 719 4385 universos
742 4337 864 4384 actores
884 4341 969 4401 suos,
987 4323 1042 4404 qui
1067 4322 1173 4402 aliqua
1197 4335 1397 4402 opponerent
1421 4334 1531 4382 contra

269 4427 399 4487 eumin
424 4427 680 4509 quibuscumque
704 4429 829 4491 casibus
853 4427 904 4488 vel
928 4446 1093 4488 causarum
1125 4426 1277 4503 articulis,
1301 4425 1432 4487 tandem
1456 4425 1528 4506 ipso

267 4531 405 4593 termino
429 4551 526 4613 quem
551 4534 636 4596 idem
660 4548 882 4615 assumpserat,
906 4552 963 4613 per
991 4533 1098 4614 plures
1121 4545 1242 4593 actores
1274 4549 1350 4591 suos
1372 4531 1531 4611 legittime

255 4649 462 4716 ¹expectatus,
486 4656 552 4699 non
569 4640 657 4700 veuit
679 4659 739 4701 nec
755 4640 851 4716 misit,
873 4639 1055 4720 specialiter
1071 4651 1179 4700 autem
1201 4656 1258 4718 per
1282 4636 1411 4699 Petrum
1427 4635 1532 4698 filium

267 4741 388 4823 Ligerii
413 4757 444 4805 et
466 4743 601 4807 luanum
626 4760 656 4807 et
681 4744 843 4807 Cemmer.
