3488 5250
238 308 300 370 208
647 310 733 367 Anno
755 306 848 386 1362.
872 344 916 354 -
939 305 970 370 6.
993 311 1074 370 maii.

237 518 361 580 iusticia
386 518 485 600 ipsius
509 539 546 580 ex
571 532 659 600 parte
690 518 894 581 exhibebitur
926 519 1061 602 Mykeclr
1093 519 1276 602 supradicto
1301 519 1386 582 iuxta
1410 541 1503 582 suam

237 624 504 705 acquisicionem‚
536 624 563 685 si
595 637 701 686 autem
732 625 821 707 prius
853 625 958 708 ipsum
990 625 1099 687 venire
1132 624 1404 707 quandocumque
1428 644 1504 687 con·

237 729 348 811 tingat,
372 730 439 812 ipse
463 729 600 812 Mykech
624 749 805 813 proponere
830 731 949 814 poterit
977 744 1087 793 contra
1119 750 1194 792 eum
1218 731 1340 813 etipse
1364 731 1503 793 termino

238 835 393 918 irrecepto
417 835 611 918 respondere
634 835 764 898 debebit
787 836 828 898 ad
850 856 941 898 suam
961 816 1141 900 ¹accionem.

343 941 423 1003 Item
446 955 561 1004 octavo
586 941 638 1004 die
662 942 771 1004 relicta
796 943 889 1004 Pauli
910 941 1123 1024 Clrezanyche
1148 955 1258 1004 contra
1282 943 1438 1004 Jacobum
1455 963 1504 1004 sa·

239 1046 402 1108 cerdotem
434 1047 619 1129 privignum
648 1067 743 1109 suum
775 1067 831 1129 per
863 1067 977 1109 uxores
1009 1047 1054 1110 St.
1087 1046 1223 1127 Kordar,
1256 1048 1347 1110 Pauli
1379 1048 1504 1127 Euboi,

240 1151 374 1215 Fabiani
405 1167 436 1215 et
467 1153 603 1215 Cussam
632 1154 855 1236 testimonium
887 1153 1064 1236 producere
1095 1153 1192 1215 debet
1222 1172 1317 1235 super
1342 1171 1392 1232 eo,
1416 1151 1505 1233 quod

182 1265 189 1318 .’
240 1257 379 1340 quedam
403 1278 460 1320 sua
485 1260 570 1321 bona
593 1259 815 1342 potencialiter
838 1260 879 1321 ab
904 1279 940 1321 ea
964 1259 1156 1321 abstulisset.

345 1364 424 1425 Item
447 1365 600 1427 Nicolaus
623 1366 824 1448 Zrebernyca
849 1379 959 1451 contra
992 1351 1170 1447 Georgium
1196 1363 1336 1446 Gyanini
1360 1362 1503 1425 secundo

240 1470 353 1532 citatus
377 1490 442 1531 non
468 1472 658 1554 comparuit.
777 1534 781 1542 ,

346 1575 424 1638 Item
449 1597 542 1638 causa
567 1596 631 1659 que
655 1578 788 1640 vertitur
812 1578 894 1639 inter
919 1577 1024 1639 Eliam
1049 1590 1080 1638 et
1103 1578 1272 1638 Marenum
1296 1594 1353 1658 per
1377 1571 1503 1636 Cuaech

241 1695 273 1744 et
296 1682 451 1743 Francam
478 1683 517 1743 ad
542 1697 615 1745 octo
640 1683 708 1746 dies
731 1697 778 1746 est
801 1683 842 1745 ad
865 1702 978 1766 pacem
1001 1696 1183 1766 prorogata.

346 1787 425 1850 Item
449 1808 543 1869 causa
568 1809 630 1871 que
647 1790 779 1851 vertitur
802 1790 884 1851 inter
900 1786 977 1851 luan
994 1787 1132 1870 judicem
1151 1801 1182 1849 et
1198 1785 1344 1850 Cernech
1360 1787 1505 1868 oroznylr

241 1894 352 1956 estad
376 1906 449 1956 octo
474 1894 542 1956 dies
566 1894 605 1956 ad
629 1914 741 1977 pacem
765 1909 947 1978 prorogata.

348 1999 426 2061 item
450 2000 612 2064 Johannes
636 2000 790 2063 Silentich
823 2013 932 2063 contra
957 1999 1159 2082 Merclynum
1191 1999 1372 2080 cirologum
1400 1998 1506 2080 primo

242 2104 354 2166 citatus
378 2125 443 2166 non
473 2107 662 2188 comparuit.

348 2211 426 2273 Item
450 2226 565 2274 octavo
589 2213 640 2274 die
665 2212 818 2276 Crisanus
841 2205 873 2276 et
897 2213 1028 2294 Dragun
1058 2225 1167 2274 contra
1191 2211 1275 2274 filios
1292 2211 1421 2274 Stroaak
1438 2209 1506 2292 jura

242 2317 360 2398 quibus
383 2317 599 2380 mediantibus
623 2319 786 2401 possident
809 2318 965 2401 quaedam
988 2325 1087 2380 terras
1109 2331 1141 2379 et
1163 2317 1427 2379 vineameorum
1452 2335 1505 2377 ex·

230 2421 352 2483 hibere
375 2435 535 2485 tenentur.
1070 2497 1071 2501 η

348 2527 427 2589 Item
451 2529 555 2591 Draxe
578 2531 720 2592 secundo
741 2530 854 2592 citatus
879 2543 989 2593 contra
1013 2528 1159 2592 Cernech
1184 2548 1249 2590 non
1274 2527 1462 2609 comparuit.

350 2632 428 2695 Item
452 2635 560 2696 Patres
591 2631 729 2710 carnifex
765 2649 874 2698 contra
906 2636 1087 2698 Johannem
1117 2635 1219 2698 filium
1253 2633 1370 2696 Cemer
1401 2633 1506 2715 primo

244 2737 357 2800 citatus
380 2758 445 2799 non
474 2741 663 2822 comparuit.

351 2842 429 2905 Item
461 2846 617 2907 Martinus
649 2847 818 2930 Denlretyn
856 2847 999 2910 secundo
1034 2860 1065 2908 et
1099 2845 1252 2907 Nicolaus
1282 2845 1387 2926 primo
1421 2844 1507 2906 citati

245 2962 354 3011 contra
378 2950 508 3012 Petrum
533 2971 598 3012 non
623 2966 882 3035 comparuerunt.

351 3055 428 3116 Item
453 3057 566 3119 lucech
598 3072 707 3121 contra
738 3058 918 3122 Johannem
950 3059 1054 3140 primo
1084 3057 1197 3118 citatus
1220 3075 1286 3117 non
1318 3056 1507 3138 comparuit.
1570 3093 1579 3101 .

350 3160 428 3222 item
453 3163 528 3243 quia
553 3163 697 3225 Francha
722 3165 885 3226 Andream
915 3163 1055 3245 Philippi
1085 3163 1169 3224 iactu
1202 3161 1337 3223 baculeo
1361 3161 1508 3222 nolenter
1540 3227 1543 3232 Α

246 3284 321 3346 ymo
346 3267 513 3328 casualiter
537 3269 723 3348 cruentavit,
755 3283 817 3330 tres
842 3288 963 3331 marcas
995 3287 1095 3350 usque
1121 3267 1300 3350 quindenas
1323 3266 1419 3328 debet
1444 3266 1508 3346 sol·

246 3389 318 3430 vere
346 3371 462 3433 eidem.
1312 3443 1314 3445 ,
1352 3452 1353 3455 ¹

216 3563 220 3566 Δ
352 3477 430 3538 Item
454 3498 547 3540 causa
572 3499 634 3560 que
658 3481 790 3542 vertitur
823 3481 905 3542 inter
930 3479 1138 3542 Salomonem
1163 3478 1373 3540 etJacobum
1397 3475 1508 3537 estad

246 3594 320 3644 octo
344 3581 412 3643 dies
434 3585 474 3644 ad
498 3604 610 3667 pacem
635 3600 815 3668 prorogata.

352 3687 430 3748 item
462 3689 607 3752 Thomas
637 3691 793 3753 litteratus
837 3705 946 3753 contra
978 3690 1141 3751 Thomam
1172 3688 1375 3770 gladiparum
1403 3687 1508 3769 primo

248 3792 360 3854 citatus
383 3813 448 3855 non
473 3799 662 3879 comparuit.

353 3900 430 3962 Item
455 3920 547 3963 causa
573 3922 636 3984 que
660 3904 791 3965 vertitur
814 3904 896 3964 inter
921 3902 1101 3964 Johannem
1125 3899 1320 3962 frenatorem
1343 3912 1374 3959 et
1397 3897 1508 3978 Jurgel

248 4004 357 4064 estad
382 4019 454 4067 octo
479 4007 547 4070 dies
571 4008 610 4070 ad
636 4028 747 4091 pacem
772 4021 956 4091 prorogata.

354 4110 431 4172 Item
456 4127 569 4175 octavo
594 4115 645 4176 die
670 4115 831 4176 lohannes
855 4129 956 4175 sartor
973 4125 1081 4173 contra
1105 4129 1238 4172 uxorem
1264 4108 1362 4171 Marci
1379 4125 1509 4169 mosnar

248 4213 344 4278 debet
367 4218 528 4298 quandam
553 4220 695 4301 puellam
719 4233 855 4281 statuere
879 4218 930 4280 vel
955 4217 1147 4299 respondere
1172 4235 1230 4298 pro
1254 4213 1378 4276 eadem.

355 4321 432 4384 item
456 4325 610 4388 Nicolaus
642 4325 862 4388 Kuroredicha
895 4337 1004 4386 contra
1029 4324 1134 4385 Eliam
1167 4322 1271 4404 primo
1294 4321 1408 4382 citatus
1444 4338 1509 4380 non

250 4430 437 4509 comparuit.

356 4535 432 4596 Item
457 4537 490 4598 in
515 4537 687 4620 quindenis
709 4537 854 4598 Andreas
877 4535 961 4598 tular
979 4548 1107 4596 tenetur
1128 4534 1252 4595 solvere
1277 4530 1415 4593 Johanni
1439 4526 1509 4590 filio

251 4634 367 4699 Cemer
390 4641 458 4702 Vlll
488 4642 628 4704 florenos
658 4661 731 4705 cum
764 4660 876 4703 eorum
908 4641 1017 4723 dupla,
1047 4640 1087 4702 de
1120 4639 1237 4721 quibus
1268 4650 1376 4699 tamen
1400 4634 1512 4697 habuit

251 4746 336 4810 idem
361 4747 523 4811 lohannes
546 4765 608 4811 tres
629 4748 777 4812 florenos.
