3488 5250
309 546 387 607 Item
410 544 488 606 Iuan
513 543 652 606 Plauech
684 557 798 605 octavo
823 542 875 605 die
905 543 1076 625 assumpsit
1098 543 1318 606 testimonium
1348 543 1468 626 produ·

206 671 278 714 cere
302 663 411 712 contra
429 648 552 731 Chegel
569 668 626 731 per
643 650 711 710 Kus
728 662 758 711 et
776 648 916 731 Endrey,
941 648 1142 711 Anthonium
1166 649 1303 712 condam
1328 649 1468 730 judicem

206 772 238 821 et
261 758 338 820 Iuan
363 755 572 836 cirologicum
598 774 693 837 super
717 775 768 834 eo,
791 755 881 837 quod
913 755 1017 816 dictus
1041 754 1165 838 Chegel
1188 757 1249 819 sibi
1272 757 1470 839 promisisset

203 879 349 945 tempore
373 861 560 924 tradicionis
583 859 647 922 filie
673 880 729 923 sue
747 880 844 922 unam
867 861 1006 941 vineam,
1031 861 1237 924 medIetatem
1261 862 1301 924 de
1318 862 1469 925 domibus

204 984 235 1034 et
258 968 415 1031 hedificiis
439 987 474 1028 ac
500 986 601 1029 unum
626 965 726 1029 eifum
749 980 948 1049 argenteum.

309 1075 387 1136 Item
412 1073 506 1135 Iuech
531 1085 641 1134 contra
666 1073 777 1134 Mareu
810 1072 993 1135 carnificem
1025 1073 1130 1155 primo
1155 1074 1268 1135 citatus
1290 1053 1356 1162 pon
1381 1092 1468 1135 com·

207 1181 322 1264 paruit.

310 1287 389 1349 Item
413 1284 550 1347 MathIas
573 1283 632 1346 XV
656 1283 709 1345 die
732 1296 858 1345 tenetur
888 1283 1012 1346 solvere
1042 1285 1178 1367 Artuigh
1211 1285 1299 1348 Lxx
1322 1286 1469 1350 denarios

208 1407 238 1455 et
262 1412 320 1476 pro
343 1393 373 1454 X
397 1391 536 1453 denariis
559 1389 675 1452 eodem
700 1390 752 1451 die
776 1402 902 1451 tenetur
929 1390 1070 1472 recipere
1094 1391 1135 1452 ad
1158 1389 1266 1454 fidem.

311 1499 389 1561 Item
414 1497 571 1559 Martinus
588 1496 725 1557 Zelezen
740 1508 851 1557 contra
869 1495 1083 1578 Meynardum
1107 1497 1250 1560 secundo
1267 1498 1380 1560 citatus
1402 1518 1469 1560 non

205 1605 394 1688 comparuit.

310 1712 389 1775 Item
413 1710 543 1773 Mekina
567 1709 681 1771 Petren
705 1721 816 1770 contra
841 1707 946 1769 Eliam
978 1727 1112 1790 parvum
1137 1709 1242 1790 primo
1266 1709 1379 1773 citatus
1403 1729 1469 1772 non

206 1818 394 1899 comparuit.

311 1924 389 1985 Item
414 1923 546 2003 Drugen
571 1934 679 1984 contra
706 1919 851 1981 Pezdecb
880 1920 1021 1982 secundo
1053 1921 1166 1983 citatus
1189 1941 1255 1984 non
1279 1922 1469 2006 comparuit.

311 2028 390 2091 Item
415 2030 525 2090 Maren
550 2027 743 2090 subsoliator
766 2040 877 2088 contra
901 2027 945 2088 M.
969 2025 1072 2087 filium
1090 2025 1203 2089 Hench
1228 2027 1333 2110 primo
1357 2028 1470 2089 citatus

205 2154 270 2196 non
295 2134 485 2216 comparuit.

310 2240 389 2301 Item
414 2237 508 2300 Iuech
533 2251 641 2300 contra
666 2237 774 2299 Petres
806 2235 989 2299 carnificem
1012 2235 1052 2298 ad
1077 2249 1150 2299 octo
1174 2236 1243 2298 dies
1266 2237 1386 2320 recepit
1408 2252 1469 2300 ter·

205 2347 330 2408 miuum
354 2344 394 2406 ad
419 2343 690 2426 respondendum.

310 2449 391 2514 Item
410 2450 448 2514 G.
461 2450 617 2512 Ztaunich
633 2463 743 2512 contra
757 2449 941 2510 Emericum
954 2449 1058 2531 primo
1075 2449 1188 2511 citatus
1200 2468 1266 2511 non
1280 2451 1468 2532 comparuit.

311 2558 389 2619 Item
404 2558 514 2618 Maren
528 2555 668 2617 carnifex
685 2570 795 2617 contra
809 2555 942 2616 Piukam
956 2555 1060 2636 primo
1073 2555 1187 2616 citatus
1200 2574 1266 2617 non
1280 2558 1469 2638 comparuit.

310 2663 388 2724 Item
413 2663 452 2724 N.
478 2660 639 2724 aurifaber
669 2673 780 2723 contra
805 2659 845 2723 G.
871 2659 1067 2722 aurifabrum
1100 2660 1140 2722 ad
1164 2675 1237 2722 octo
1261 2661 1330 2723 dies
1351 2662 1471 2745 recepit

204 2770 378 2833 terminum
403 2767 443 2829 ad
467 2767 739 2850 respondendum.

311 2876 388 2936 Item
414 2873 503 2936 Gifio
534 2873 672 2955 lapicida
696 2885 805 2934 contra
829 2873 907 2933 Iuan
941 2870 1093 2934 Cemmer
1117 2873 1222 2954 primo
1257 2873 1370 2935 citatus
1404 2893 1470 2936 non

207 3001 279 3045 com
305 2996 397 3044 arurt.

282 3003 390 3148 pItem
414 3085 550 3147 ZeIezen
575 3083 721 3147 Cernech
750 3097 860 3145 contra
885 3084 924 3145 N.
949 3083 1204 3145 Kuroredicham
1227 3083 1332 3166 primo
1356 3085 1469 3147 citatus

206 3214 272 3257 non
295 3191 484 3274 comparuit.

312 3299 390 3360 Item
414 3297 525 3359 Maren
549 3295 741 3358 subsoliator
764 3308 873 3357 contra
902 3294 1072 3356 dominum
1097 3296 1140 3357 M.
1165 3294 1268 3357 filium
1293 3294 1407 3357 Hench
1430 3295 1470 3357 ad

206 3419 280 3467 octo
306 3404 374 3465 dies
398 3403 518 3485 recepit
539 3402 714 3464 terminum
738 3401 778 3463 ad
802 3401 1075 3483 respondendum.

312 3509 391 3571 Item
414 3509 440 3570 si
465 3509 579 3570 Iakmo
603 3508 807 3590 apotekarius
830 3529 848 3570 a
873 3509 986 3570 Marko
1010 3507 1149 3569 Boniolo
1180 3507 1298 3589 pIgnus
1321 3508 1470 3591 inpigno-

206 3630 311 3678 ratum
334 3614 415 3677 infra
441 3614 684 3696 quindecimum
702 3614 789 3676 diem
813 3613 970 3676 redimere
987 3633 1046 3696 pro
1070 3632 1188 3675 novem
1206 3614 1321 3675 marcis
1344 3616 1471 3696 poterit,

207 3723 289 3784 bene
314 3721 458 3802 quidem,
482 3720 627 3800 alioquin
651 3721 719 3802 ipse
752 3720 879 3781 Marcus
913 3719 1053 3781 eundem
1077 3717 1239 3782 vendendi
1271 3718 1403 3782 habebit
1427 3720 1441 3781 f
1459 3757 1471 3768 ·

207 3827 370 3890 cultatem.

313 3933 391 3995 Item
416 3947 530 3995 octavo
554 3933 605 3994 die
631 3933 806 3996 Martincus
837 3933 921 3995 filius
945 3932 1075 3994 KemIni
1099 3931 1218 3993 litteras
1249 3950 1345 4013 super
1368 3929 1469 3994 fundo

208 4040 330 4102 Mareni
356 4053 519 4101 emanatas
543 4038 692 4102 exhibere
715 4053 851 4118 tenetur,
876 4038 901 4100 si
926 4058 979 4100 eas
1001 4037 1144 4099 invenire
1169 4036 1295 4118 poterit.

313 4145 391 4206 Item
416 4145 557 4206 Briccius
580 4159 694 4207 octavo
726 4144 778 4206 die
810 4158 921 4207 contra
953 4144 1109 4205 Iacobum
1134 4142 1304 4224 Horuatyn
1336 4154 1402 4204 met
1424 4164 1471 4206 se-

207 4250 331 4313 cundus
354 4264 481 4313 tenetur
504 4251 666 4333 deponere
691 4251 908 4332 juramentum
932 4269 991 4332 pro
1015 4249 1157 4332 quodam
1182 4267 1291 4331 porco.

313 4357 390 4418 Item
416 4358 493 4439 quia
516 4357 620 4419 dictus
643 4357 785 4418 Briccius
821 4356 941 4418 dictum
976 4357 1132 4417 Iacobum
1164 4355 1367 4437 vituperavit,
1396 4374 1472 4417 con·

208 4462 312 4523 victus
335 4476 381 4524 est
405 4464 437 4524 in
462 4463 583 4525 iudicro
613 4463 749 4525 duarum
782 4482 961 4525 marcarum
991 4481 1050 4544 pro
1075 4475 1163 4544 parte
1196 4460 1328 4522 adversa
1351 4475 1382 4522 et
1405 4481 1472 4523 me·

210 4566 297 4628 diam
321 4588 379 4650 pro
404 4569 519 4631 iudice.

315 4673 392 4737 Item
417 4693 598 4756 causaque
623 4674 755 4736 vertitur
778 4674 860 4735 inter
891 4673 960 4734 Kus
984 4687 1015 4734 et
1047 4671 1177 4755 Endrey
1202 4691 1237 4734 ac
1261 4670 1302 4734 G.
1327 4671 1407 4733 Zuik
1431 4670 1473 4733 ad

209 4778 350 4861 primum
376 4780 531 4842 iudicIum
555 4793 602 4842 est
625 4793 806 4862 prorogata.
1368 4864 1385 4895 ¹·
