3488 5250
218 329 282 408 284
623 332 709 389 Anno
731 328 822 407 1363.
848 365 891 375 -
913 328 963 395 ιό,
981 333 1074 408 junii.

324 540 400 601 ltem
426 538 591 600 Emericus
615 541 782 601 subcustos
806 552 915 602 contra
947 541 1088 602 relictam
1115 541 1191 602 luan
1217 541 1352 603 Sculech
1376 542 1481 625 primo

217 647 330 707 citatus
354 665 420 707 non
448 645 638 726 comparuit.

323 751 400 813 Item
426 751 564 817 lacobus
586 748 749 811 Vrbanich
776 764 886 812 contra
919 751 1098 813 lohannem
1123 751 1284 814 Vidonich
1308 751 1412 833 primo
1437 751 1480 812 ci·

215 870 300 919 tatus
322 877 388 918 non
413 855 602 938 comparuit.

323 962 400 1024 ltem
425 961 588 1024 lohannes
603 980 703 1042 gener
719 964 844 1024 Menter
868 977 977 1024 contra
995 961 1137 1024 Cussech
1160 963 1266 1045 primo
1284 962 1397 1026 citatus
1413 982 1479 1026 non

218 1068 407 1139 comparuit.
580 1151 581 1154 Ἴ

323 1173 401 1234 ltem
428 1193 521 1235 causa
546 1172 671 1235 Nicolai
696 1171 787 1249 fabri,
811 1173 1116 1254 jobagionisMaren
1141 1187 1171 1234 et
1195 1173 1272 1235 luau
1297 1174 1481 1256 iobagionis

218 1278 342 1340 domini
367 1279 452 1340 Petri
476 1278 516 1340 de
542 1280 653 1341 Lonka
678 1292 723 1340 est
746 1278 851 1341 taliter
875 1277 1065 1360 adjudicata,
1090 1278 1178 1359 quod
1203 1279 1279 1360 quia
1302 1298 1359 1360 pes
1383 1278 1483 1361 ipsius

218 1385 297 1446 fabri
323 1384 481 1446 inaridata
505 1384 596 1463 foret,
621 1384 695 1445 ideo
719 1385 786 1467 ipse
810 1371 939 1465 iobagio
965 1384 1090 1445 domini
1115 1384 1148 1445 P.
1175 1403 1277 1466 usque
1302 1384 1483 1466 quindenas

216 1490 344 1551 medico
369 1488 560 1568 satisfacere,
583 1490 730 1572 partique
753 1491 885 1552 adverse
903 1491 1047 1571 quinque
1064 1509 1185 1551 marcas
1209 1503 1241 1552 et
1263 1489 1361 1570 judici
1383 1507 1482 1551 unam

218 1595 342 1656 solvere
367 1595 480 1672 debet;
503 1594 684 1677 jurabitque
708 1608 823 1657 octavo
839 1595 891 1657 die
913 1595 1000 1656 idern
1024 1615 1057 1657 se
1080 1609 1196 1674 sextus,
1220 1594 1309 1676 quod
1326 1594 1483 1676 quasdam

218 1700 323 1780 pecias
348 1701 448 1762 lineas
472 1700 512 1762 de
536 1700 635 1761 domo
659 1721 715 1762 sua
743 1715 890 1782 potenter
921 1720 986 1762 non
1018 1714 1226 1782 asportasset3
1251 1700 1482 1762 nichilominus

218 1825 294 1867 vero
326 1807 412 1868 idem
444 1805 533 1868 faber
565 1806 679 1868 eodem
712 1821 826 1869 octavo
857 1806 909 1867 die
940 1826 973 1867 se
1005 1806 1164 1867 secundus
1195 1805 1312 1887 jurabit
1334 1804 1423 1887 quod
1448 1805 1481 1867 in

217 1926 311 1974 antea
334 1932 391 1994 per
415 1912 520 1993 ipsum
545 1912 622 1973 luan
647 1912 742 1974 fuerit
765 1914 960 1974 vulneratus.

324 2018 402 2079 ltem
435 2032 548 2079 octavo
580 2018 632 2079 die
664 2018 800 2080 lancech
832 2015 992 2079 aurifaber
1023 2030 1209 2099 procurator
1241 2015 1381 2099 Philippi
1423 2035 1482 2097 pro

218 2123 333 2185 eodem
357 2122 507 2206 Philippo
530 2138 639 2185 contra
663 2123 766 2186 filium
784 2123 913 2185 Kordus
936 2143 969 2184 se
992 2123 1109 2184 tercius
1125 2122 1243 2203 jurabit
1267 2122 1299 2183 in
1324 2141 1375 2197 eo,
1392 2120 1482 2202 quod

217 2227 274 2289 filii
300 2228 402 2309 Rolog
427 2228 567 2310 quedam
592 2229 750 2308 hedificia,
775 2249 832 2312 pro
861 2231 979 2311 quibus
1002 2229 1129 2311 questio
1161 2226 1221 2290 fuit
1245 2241 1342 2306 mota,
1369 2246 1482 2289 eorum

218 2335 346 2415 propria
372 2354 444 2396 cum
469 2336 605 2417 pecunia
639 2336 896 2414 construxissent,
928 2347 960 2397 et
983 2334 1114 2397 tandem
1144 2333 1276 2416 prestito
1300 2332 1481 2415 juramento

218 2440 331 2501 eadem
356 2439 503 2501 hedificia
528 2438 609 2500 infra
634 2440 814 2520 quindenas
837 2454 964 2502 tenetur
987 2459 1148 2502 amovere.

326 2546 404 2607 Item
428 2545 581 2606 Nicolaus
605 2544 817 2607 Zrebernicha
840 2559 953 2607 octavo
982 2545 1034 2607 die
1058 2559 1166 2607 contra
1190 2543 1355 2606 Thornam
1378 2543 1482 2626 gladi·

217 2671 329 2734 parum
354 2672 387 2713 se
410 2652 527 2713 tercius
551 2652 678 2733 jurabit,
702 2650 791 2731 quod
815 2669 888 2711 eum
918 2670 982 2712 non
1007 2650 1245 2732 vituperaverit.

323 2757 401 2818 ltem
434 2757 479 2820 St.
512 2755 638 2818 Kordar
670 2770 778 2818 contra
810 2756 973 2818 Andream
1004 2754 1197 2817 frenatorem
1228 2755 1334 2837 primo
1370 2755 1484 2817 citatus

219 2883 285 2925 uon
310 2863 498 2945 comparuit.

326 2970 405 3031 ltem
429 2970 461 3030 in
486 2967 658 3048 quindenis
682 2968 838 3029 Martinus
861 2967 1019 3031 Denketin
1047 2982 1172 3030 tenetur
1196 2967 1321 3029 solvere
1346 2966 1482 3028 Nicolao

219 3073 383 3137 aurifabro
408 3074 449 3135 Vl
474 3092 588 3155 pensas
611 3073 717 3134 minus
744 3072 856 3134 decem
888 3073 1046 3152 denarios,
1070 3073 1187 3154 quibus
1219 3073 1305 3134 idem
1330 3072 1484 3134 Nicolaus

221 3181 326 3263 ipsum
353 3181 526 3242 Martinum
558 3178 739 3259 juramento
771 3178 932 3242 mediante
955 3179 1054 3242 teneri
1079 3179 1319 3259 comprobavit,
1353 3192 1384 3241 et
1407 3177 1483 3259 quia

220 3298 269 3347 ter
294 3287 407 3347 citatus
430 3305 495 3346 non
528 3284 706 3367 comparuit
729 3285 804 3346 ideo
828 3284 955 3347 duobus
980 3284 1106 3365 judiciis
1130 3298 1177 3346 est
1199 3297 1378 3365 agravatus.

325 3391 403 3453 Item
416 3390 651 3452 Endrereuicha
662 3402 771 3451 contra
783 3390 985 3452 Draxetinam
996 3391 1100 3470 primo
1113 3390 1207 3452 citata
1217 3409 1282 3451 non
1293 3389 1484 3473 comparuit.

325 3497 403 3558 ltem
427 3494 485 3557 filii
509 3496 683 3557 Martincus
708 3510 817 3559 contra
841 3493 940 3557 filiam
966 3496 1102 3557 Stanech
1130 3495 1272 3578 secundo
1302 3496 1388 3557 citati
1417 3514 1484 3557 non

220 3616 479 3684 comparuerunt.

326 3709 404 3769 ltem
428 3721 543 3769 octavo
568 3707 618 3768 die
652 3706 814 3768 lohannes
845 3721 947 3768 sartor
971 3722 1079 3769 contra
1111 3707 1276 3768 Andream
1299 3705 1426 3769 fabrum
1450 3726 1485 3769 se

219 3814 378 3875 secundus
403 3813 530 3894 jurabit,
555 3812 643 3893 quod
667 3832 725 3873 nec
749 3814 945 3894 percussioni
979 3814 1077 3894 ipsius
1109 3813 1237 3874 Andree
1263 3832 1361 3894 quam
1386 3813 1418 3874 in
1443 3813 1483 3876 N.

219 3918 336 3980 ruffum
362 3917 480 3981 fecerat
503 3917 708 3996 interfuisset,
731 3938 790 3980 nec
814 3919 917 3980 eciam
947 3919 1076 3981 dixisset
1099 3933 1264 4000 percutere
1288 3918 1438 3980 eundem.

326 4025 402 4085 ltem
428 4023 577 4086 Caterina
603 4038 711 4085 contra
736 4025 905 4086 Nicolaum
936 4025 1130 4106 organistam
1154 4025 1259 4106 primo
1291 4026 1386 4087 citata
1419 4044 1486 4087 non

220 4131 409 4212 comparuit.

325 4237 404 4296 ltem
429 4236 551 4317 Symon
576 4234 717 4296 secundo
741 4236 854 4297 citatus
878 4249 987 4297 contra
1013 4237 1185 4297 Martinum
1207 4255 1273 4297 non
1290 4235 1484 4318 comparuit.

326 4342 404 4403 ltem
429 4341 505 4423 quia
529 4342 641 4403 Petrus
673 4341 812 4402 frenator
843 4361 900 4423 per
925 4342 969 4404 St.
1002 4340 1174 4423 pellificem
1206 4362 1264 4424 pro
1289 4341 1485 4422 quibusdam

219 4446 329 4509 ferreis
353 4448 545 4509 utensilibus
576 4448 634 4508 arti
666 4467 722 4509 sue
754 4447 1010 4527 competentibus
1041 4461 1088 4509 ter
1119 4449 1232 4511 citatus
1255 4468 1321 4510 non
1354 4466 1485 4531 compa·

220 4552 293 4630 ruit,
317 4552 390 4613 ideo
415 4553 578 4614 decretum
603 4565 659 4631 est,
684 4552 771 4633 quod
795 4567 909 4614 octavo
934 4553 986 4614 die
1003 4553 1153 4634 quitquid
1177 4554 1244 4636 ipse
1270 4554 1315 4616 St.
1339 4552 1403 4615 fide
1427 4573 1485 4616 sua

221 4657 384 4719 mediante
409 4658 476 4740 ipsa
500 4658 649 4720 utensilia
674 4657 780 4719 valere
812 4659 1078 4740 comprobaverit,
1103 4658 1189 4720 idem
1222 4660 1334 4721 Petrus
1357 4659 1483 4721 solvere

220 4761 368 4839 debebit3
393 4763 623 4826 nichilominus
650 4762 739 4844 quod
763 4776 894 4845 propter
916 4783 1006 4825 suam
1038 4765 1274 4827 contumaciam
1299 4765 1333 4826 in
1357 4765 1487 4829 duobus

221 4865 349 4928 indiciis
372 4870 534 4933 remansit.
