3488 5250
237 356 299 437 296
626 354 826 434 Ann01363.
850 390 893 400 -
916 372 944 417 1.
969 359 1095 432 augusti.

345 564 422 626 Item
440 564 613 648 Stephania
630 579 740 628 contra
750 567 826 628 luan
839 579 994 628 sartorem
1007 567 1111 648 primo
1123 567 1217 628 citata
1232 586 1298 628 nou
1312 568 1501 650 comparuit.

345 671 424 734 ltem
450 692 543 733 causa
568 673 737 734 Mortonos
761 673 918 734 sellatoris
949 687 1059 734 contra
1083 671 1314 734 dubichensem
1345 674 1501 736 archidia-

240 796 357 838 conum
383 778 423 839 ad
447 792 521 840 octo
552 778 621 840 dies
653 778 693 839 ad
724 778 997 841 deliberacionem
1027 779 1204 860 juratorum
1235 791 1283 842 est
1312 791 1500 861 prorogata3

237 902 301 944 non
327 883 458 963 negavit
481 897 590 945 tamen
615 898 802 966 procurator
825 884 1040 946 archidiaconi
1073 881 1161 965 quod
1185 881 1288 944 filium
1310 903 1404 945 suum
1428 903 1501 946 cum

237 988 334 1069 virgis
358 1002 488 1071 propter
511 989 713 1071 disciplinam
739 1009 803 1051 non
828 991 1042 1073 percussisset.

343 1094 422 1155 Item
453 1108 567 1156 octavo
600 1094 652 1156 die
684 1095 850 1175 Dragacha
883 1109 992 1157 contra
1026 1095 1154 1157 Cussilo
1183 1106 1355 1176 preconem
1385 1093 1503 1176 jurabit

237 1218 333 1281 super
363 1218 413 1277 eu,
445 1200 534 1281 quod
568 1199 680 1262 scroffa
713 1201 812 1282 ipsius
846 1200 994 1284 preconis
1028 1220 1084 1282 per
1115 1219 1205 1262 suam
1241 1200 1501 1262 verberacionem
1533 1275 1535 1278 Α

241 1318 367 1366 mortua
392 1325 456 1367 non
486 1304 606 1368 luisset.

344 1411 422 1472 Item
446 1410 525 1473 feria
548 1413 644 1473 tercia
661 1425 794 1475 ventura
818 1425 913 1474 testes
937 1432 993 1494 per
1009 1411 1076 1474 Cus
1100 1425 1130 1473 et
1154 1411 1318 1473 Andream
1344 1409 1502 1492 producti,

236 1516 403 1578 videlicet:
435 1517 596 1578 lohannes
620 1518 790 1594 Kozarich‚
816 1518 934 1579 Paulus
965 1518 1074 1599 pistor,
1107 1516 1184 1578 luau
1216 1515 1301 1577 filius
1333 1516 1446 1577 decani
1471 1529 1502 1577 et

240 1623 406 1702 Martinus,
432 1623 507 1704 quia
531 1625 563 1684 in
588 1623 708 1704 judicio
732 1624 870 1705 presenti
889 1624 1024 1685 amoniti
1048 1642 1235 1705 comparere
1253 1642 1319 1684 non
1343 1634 1502 1701 curarunt,

238 1727 375 1809 quilibet
409 1747 521 1790 eorum
551 1748 623 1790 cum
656 1728 776 1808 judicio
808 1730 864 1791 LX
906 1729 1111 1790 denariorum
1149 1742 1275 1790 tenetur
1307 1746 1503 1810 comparere,

238 1833 293 1913 qui
318 1833 343 1893 si
367 1853 432 1895 non
457 1835 705 1917 comparuerint,
728 1834 865 1916 quilibet
889 1835 920 1895 in
946 1834 985 1896 lll
1010 1835 1115 1917 pensis
1139 1833 1325 1895 remanebit.

345 1938 423 2000 ltem
448 1940 574 2001 Mikech
598 1938 683 2002 filius
709 1940 868 2002 Leunardi
888 1955 997 2003 contra
1022 1939 1201 2021 Georgium
1224 1952 1366 2001 sutorem
1383 1939 1416 2000 in
1432 1958 1502 2021 pre-

238 2045 318 2105 senti
343 2044 463 2124 judicio
495 2046 607 2108 debuit
637 2066 822 2129 comparere
854 2061 886 2109 et
916 2067 981 2108 non
1014 2045 1209 2128 comparuit,
1241 2064 1304 2127 qua
1329 2044 1368 2106 de
1393 2065 1425 2106 re
1454 2064 1503 2106 re·

238 2150 371 2225 mansit;
403 2148 546 2232 feriaque
577 2153 674 2213 tercie
704 2152 893 2215 decernetur
924 2152 1001 2233 quid
1030 2151 1106 2232 juris
1137 2149 1191 2212 fiet
1221 2150 1261 2211 de
1293 2150 1499 2232 percussione

240 2253 371 2336 Georgii
396 2256 557 2320 antedicti.

344 2360 422 2423 ltem
447 2362 565 2424 Paulus
588 2376 676 2424 sutor
701 2376 809 2423 contra
827 2361 1037 2423 Benedictum
1057 2361 1098 2422 ad
1121 2373 1195 2423 octo
1212 2361 1282 2423 dies
1304 2360 1424 2443 recepit
1439 2376 1502 2423 ter·

239 2466 362 2528 minum
387 2468 614 2549 respondendi.

345 2572 423 2633 ltem
447 2573 533 2635 idem
559 2573 676 2634 Paulus
708 2587 817 2634 contra
850 2572 1005 2633 Ztaunich
1034 2571 1073 2632 ad
1099 2585 1172 2634 octo
1203 2572 1271 2634 dies
1299 2571 1419 2654 recepit
1442 2587 1504 2634 ter-

239 2677 363 2738 minum
388 2678 614 2761 respondendi.

344 2784 423 2845 ltem
447 2797 561 2846 octavo
586 2784 638 2846 die
663 2783 793 2846 Trucha
818 2796 928 2845 contra
952 2784 1097 2845 Marcum
1114 2782 1216 2845 filium
1242 2783 1320 2845 Suik
1344 2803 1400 2865 per
1416 2784 1504 2867 Dyo·

240 2887 357 2949 nisium
382 2889 580 2951 sacerdotem
605 2909 700 2971 super
724 2889 833 2950 debito
857 2889 953 2951 trium
987 2908 1156 2970 pensarum
1190 2901 1220 2950 et
1243 2889 1273 2949 X
1298 2888 1503 2951 denariorum

240 3012 276 3054 ac
301 3014 366 3055 uno
391 2996 506 3056 baculo
531 2996 570 3056 de
595 3015 673 3077 sepo
697 2995 917 3057 testimonium
942 2994 1106 3076 producet.

345 3101 424 3162 ltem
448 3103 594 3182 quamvis
610 3102 731 3183 pluries
747 3114 778 3163 et
794 3101 923 3183 pluries,
939 3100 1190 3182 litteratorieque
1207 3101 1321 3176 semel,
1339 3100 1503 3162 Borouine

241 3205 467 3267 mandavimus
491 3220 526 3267 ut
548 3207 681 3286 veniret,
699 3206 898 3288 domumque
915 3225 1005 3267 suam
1022 3204 1220 3285 reformaret,
1244 3205 1422 3286 vicinisque
1439 3205 1505 3266 suis

240 3310 281 3371 de
305 3311 449 3395 dampno
473 3327 621 3394 exparte
648 3311 764 3374 domus
787 3332 842 3372 sue
868 3311 957 3373 illato
989 3310 1192 3389 satisfaceret,
1224 3331 1264 3372 an
1288 3311 1432 3393 aliquem
1463 3310 1504 3372 ad

240 3417 301 3479 hoc
325 3418 464 3481 mitteret
487 3416 668 3497 facientem,
692 3432 801 3479 tamen
822 3417 906 3478 idem
932 3436 1075 3499 unquam
1091 3417 1200 3478 venire
1225 3436 1283 3478 nec
1307 3417 1433 3478 mittere
1450 3435 1504 3478 cu·

240 3524 366 3602 raverit,
391 3524 464 3585 licet
481 3522 630 3585 iratribus
653 3523 718 3585 suis
742 3521 838 3584 luerit
854 3522 1048 3601 intimatum,
1072 3542 1135 3603 qua
1152 3522 1192 3584 de
1216 3542 1250 3584 re
1273 3521 1366 3602 jurati
1390 3520 1506 3602 judicis

242 3625 319 3689 feria
342 3629 439 3690 tercia
464 3629 636 3691 decernent
659 3628 738 3711 quid
762 3627 814 3689 fiet
838 3627 915 3709 juris
939 3629 971 3689 in
995 3628 1079 3708 (h)ac
1102 3641 1201 3710 parte.

346 3735 424 3795 ltem
449 3735 569 3817 Ztoylra
595 3748 704 3796 contra
730 3734 909 3796 Johannem
934 3734 1039 3815 primo
1063 3734 1156 3794 citata
1180 3752 1245 3794 non
1270 3731 1459 3814 comparuit.

266 3933 363 4007 Ferla
391 3925 517 4006 serta*
545 3936 699 4023 proxima
726 3942 803 4022 post
831 3934 954 4005 festum
982 3935 1070 4005 beati
1099 3933 1261 4005 Dominici
1291 3934 1505 4005 confessoris.

768 4087 807 4161 (1.
831 4087 974 4164 augusti).

346 4226 454 4288 Primo
488 4225 588 4286 Elena
621 4238 735 4286 octavo
767 4225 819 4286 die
851 4237 960 4286 contra
993 4224 1100 4286 Endre
1133 4224 1253 4285 Zaualo
1285 4243 1318 4285 se
1348 4224 1447 4287 tercia
1471 4223 1504 4286 iu

242 4332 383 4414 quodam
408 4331 527 4413 pepulo
552 4331 732 4412 juramento
757 4330 917 4392 mediante
942 4331 1037 4393 debet
1061 4351 1094 4392 se
1119 4350 1305 4412 expurgare.

347 4438 426 4498 ltem
451 4457 544 4498 causa
568 4421 654 4498 Petri
678 4436 800 4524 Maren,
828 4437 955 4499 Mikech
980 4450 1010 4497 et
1042 4436 1155 4499 Mertel
1187 4434 1407 4498 vulneratiad
1432 4449 1506 4497 octo

242 4543 310 4605 dies
334 4557 381 4605 est
404 4541 444 4604 ad
468 4561 580 4625 pacem
604 4556 785 4625 prorogata.
1532 4533 1536 4541 ’

347 4649 425 4711 ltem
443 4649 488 4711 St.
505 4663 614 4711 contra
628 4648 709 4709 Pero
727 4647 768 4708 ad
784 4660 858 4711 octo
871 4647 939 4710 dies
951 4648 1071 4730 recepit
1087 4646 1261 4709 terminum
1278 4643 1505 4730 respondendi.

344 4821 361 4857 *
380 4824 501 4888 Corrige:
520 4823 607 4875 tercio.
