3488 5250
541 1384 690 1479 (Anno
720 1381 901 1472 Domini
929 1375 1169 1477 MCCCLVI).

453 1709 549 1782 Feria
569 1721 667 1783 sexta
695 1712 849 1799 proxima
878 1721 954 1800 post
982 1712 1067 1781 diem
1096 1708 1258 1781 Cinctum.

760 1877 818 1940 (11.
842 1865 965 1940 martir).

333 2027 410 2087 Item
437 2025 632 2108 Meynardus
655 2024 707 2085 die
731 2038 845 2086 octavo
884 2038 993 2086 contra
1011 2024 1152 2086 Blasium
1169 2024 1367 2084 sacerdotem
1391 2021 1488 2082 debet

225 2132 432 2213 respondere.

333 2239 410 2299 Item
436 2237 572 2299 Michael
597 2250 706 2298 contra
731 2235 770 2299 G.
795 2237 847 2297 die
872 2249 986 2297 octavo
1014 2236 1109 2297 debet
1133 2235 1338 2317 respondere.

333 2343 408 2405 Item
435 2344 479 2406 St.
504 2344 588 2405 filius
613 2344 703 2404 Kuce
727 2343 779 2403 die
803 2357 917 2405 octavo
943 2343 1038 2404 debet
1067 2343 1286 2405 testimonium
1311 2342 1487 2424 producere

227 2462 335 2511 contra
361 2449 400 2511 G.
425 2448 526 2511 filium
552 2450 641 2511 Suik.

331 2554 407 2618 Item
433 2556 519 2617 Elias
542 2555 631 2617 faber
655 2569 765 2617 contra
790 2555 874 2637 Span
899 2555 1004 2637 primo
1029 2555 1142 2617 citatus
1166 2575 1231 2617 non
1256 2556 1444 2638 comparuit.

333 2663 409 2724 Item
428 2663 541 2723 Jakmo
561 2663 691 2723 Latinus
710 2681 810 2743 usque
827 2661 912 2722 diem
930 2674 1079 2722 octavum
1097 2660 1192 2722 debet
1208 2661 1352 2723 invenire
1376 2662 1489 2724 volun·

227 2781 323 2828 tatem
348 2769 386 2830 N.
411 2767 638 2846 archidiaconi,
663 2767 752 2849 quod
776 2767 801 2827 si
827 2767 970 2828 invenire
995 2787 1059 2827 non
1085 2767 1212 2848 poterit,
1236 2780 1311 2828 tunc
1336 2766 1489 2829 faciemus

226 2874 394 2954 justiciam.

333 2981 409 3041 Item
425 2980 618 3063 Meynardus
642 2981 737 3042 debet
754 2981 806 3042 die
823 2994 936 3042 octavo
954 2980 1147 3061 respondere
1171 2993 1280 3041 contra
1298 2980 1489 3043 iohannem.

331 3085 408 3148 Item
434 3106 527 3148 causa
553 3087 663 3149 Macen
688 3102 719 3149 et
743 3087 860 3169 Philipi
885 3106 986 3167 usque
1021 3086 1106 3148 diem
1139 3100 1286 3147 octavum
1313 3086 1352 3147 ad
1377 3105 1488 3168 pacem

228 3208 273 3255 est
296 3208 476 3275 prorogata.

333 3298 410 3363 Item
449 3302 493 3363 St.
529 3300 612 3362 filius
644 3302 726 3362 Ratk
769 3313 879 3361 contra
919 3299 1090 3360 Drusinam
1123 3299 1227 3381 primo
1270 3299 1382 3360 citatus
1424 3319 1489 3360 non

228 3409 416 3490 comparuit.

332 3512 409 3576 Item
435 3514 579 3575 Donatus
603 3527 711 3575 contra
735 3513 865 3595 Endrey
889 3514 994 3595 primo
1019 3513 1131 3573 citatus
1155 3530 1220 3573 non
1244 3511 1432 3592 comparuit.

333 3618 410 3681 Item
435 3620 595 3682 Christina
620 3636 728 3682 contra
747 3619 959 3702 Meynardum
977 3619 1028 3679 die
1041 3634 1155 3680 octavo
1173 3618 1267 3679 debet
1284 3617 1486 3699 respondere.

335 3724 411 3788 Item
435 3726 655 3788 testimonium
674 3725 860 3787 Lancheloti
878 3739 908 3786 et
922 3725 1075 3786 Demetrii
1101 3745 1202 3805 usque
1227 3725 1313 3784 diem
1340 3737 1489 3784 octavum

230 3847 276 3895 est
299 3845 479 3914 prorogata.
504 3832 582 3914 (sic).

333 3939 409 4001 ltem
433 3960 528 4001 causa
552 3938 692 4001 Mariche
710 3953 740 4000 et
760 3937 927 4000 cuiusdam
944 3938 1088 3998 mulieris
1111 3957 1212 4018 usque
1238 3937 1323 3997 diem
1340 3950 1489 3998 octavum

228 4046 268 4107 ad
292 4065 404 4127 pacem
429 4061 475 4107 cst
499 4059 676 4127 prorogata.

334 4150 409 4212 ltem
433 4152 537 4212 Viden
561 4165 669 4212 contra
694 4152 823 4212 Maroks
842 4151 946 4231 primo
970 4150 1083 4210 citatus
1106 4169 1171 4210 non
1195 4148 1383 4230 comparuit.

335 4255 410 4319 Item
436 4258 558 4340 Symon
584 4278 656 4319 cum
681 4258 856 4319 Benedicto
880 4276 981 4339 usque
1010 4256 1095 4316 diem
1119 4269 1268 4316 octavum
1293 4255 1410 4317 debent
1433 4275 1490 4337 po·

229 4384 303 4425 nere
329 4365 500 4426 racionem.

334 4468 411 4531 Item
437 4489 530 4531 causa
555 4469 642 4532 Otho
667 4482 698 4530 et
726 4470 840 4549 Artuig
871 4468 910 4529 ad
943 4468 1029 4529 diem
1060 4481 1208 4528 octavum
1239 4467 1279 4527 ad
1309 4485 1420 4548 pacem
1445 4480 1490 4527 est

229 4590 409 4659 prorogata.

334 4680 411 4744 Item
437 4682 559 4765 Symon
593 4681 643 4741 die
675 4693 787 4742 octavo
818 4679 912 4742 debet
943 4680 1104 4762 deponere
1135 4678 1348 4759 juramentum
1381 4691 1489 4739 contra

231 4788 358 4852 Mathek
384 4787 609 4851 metsecundus
640 4806 734 4869 super
766 4806 816 4866 eo,
848 4786 935 4870 quod
960 4786 1027 4867 ipse
1059 4786 1091 4847 in
1116 4786 1217 4867 capite
1242 4804 1316 4848 eum
1340 4783 1488 4845 mactavit
