<?xml version="1.0" encoding="UTF-8"?>
<!DOCTYPE html PUBLIC "-//W3C//DTD XHTML 1.0 Transitional//EN"
    "http://www.w3.org/TR/xhtml1/DTD/xhtml1-transitional.dtd">
<html xmlns="http://www.w3.org/1999/xhtml" xml:lang="en" lang="en">
 <head>
  <title>
</title>
<meta http-equiv="Content-Type" content="text/html;charset=utf-8" />
  <meta name='ocr-system' content='tesseract 3.04.00' />
  <meta name='ocr-capabilities' content='ocr_page ocr_carea ocr_par ocr_line ocrx_word'/>
</head>
<body>
  <div class='ocr_page' id='page_1' title='image "./monumentahistor08laszgoog/monumentahistor08laszgoog_0146.png"; bbox 0 0 3488 5250; ppageno 0'>
   <div class='ocr_carea' id='block_1_1' title="bbox 602 349 1490 424">
    <p class='ocr_par' dir='ltr' id='par_1_1' title="bbox 602 349 1490 424">
     <span class='ocr_line' id='line_1_1' title="bbox 602 349 1490 424; baseline 0.006 -18"><span class='ocrx_word' id='word_1_1' title='bbox 602 351 794 424; x_wconf 71' lang='lat' dir='ltr'><strong>An2101357.</strong></span> <span class='ocrx_word' id='word_1_2' title='bbox 817 384 861 392; x_wconf 88' lang='lat'>—</span> <span class='ocrx_word' id='word_1_3' title='bbox 886 362 932 424; x_wconf 85' lang='lat'><strong>17.</strong></span> <span class='ocrx_word' id='word_1_4' title='bbox 957 349 1085 409; x_wconf 79' lang='lat' dir='ltr'><em>octobris.</em></span> <span class='ocrx_word' id='word_1_5' title='bbox 1437 370 1490 411; x_wconf 88' lang='lat'><strong>101</strong></span> 
     </span>
    </p>
   </div>
   <div class='ocr_carea' id='block_1_2' title="bbox 230 558 1494 2868">
    <p class='ocr_par' dir='ltr' id='par_1_2' title="bbox 232 558 1493 852">
     <span class='ocr_line' id='line_1_2' title="bbox 339 558 1493 621; baseline 0.002 -3"><span class='ocrx_word' id='word_1_6' title='bbox 339 558 417 619; x_wconf 87' lang='lat' dir='ltr'><strong>Item</strong></span> <span class='ocrx_word' id='word_1_7' title='bbox 443 572 557 620; x_wconf 90' lang='lat' dir='ltr'><strong>octavo</strong></span> <span class='ocrx_word' id='word_1_8' title='bbox 581 558 632 619; x_wconf 86' lang='lat' dir='ltr'><strong>die</strong></span> <span class='ocrx_word' id='word_1_9' title='bbox 659 560 813 620; x_wconf 81' lang='lat' dir='ltr'><strong>MartInus</strong></span> <span class='ocrx_word' id='word_1_10' title='bbox 837 558 921 620; x_wconf 90' lang='lat' dir='ltr'><strong>filius</strong></span> <span class='ocrx_word' id='word_1_11' title='bbox 952 558 1107 620; x_wconf 83' lang='lat' dir='ltr'><strong>Anthonii</strong></span> <span class='ocrx_word' id='word_1_12' title='bbox 1133 573 1241 620; x_wconf 86' lang='lat' dir='ltr'><strong>contra</strong></span> <span class='ocrx_word' id='word_1_13' title='bbox 1268 559 1312 621; x_wconf 87' lang='lat' dir='ltr'><strong>St.</strong></span> <span class='ocrx_word' id='word_1_14' title='bbox 1338 560 1493 621; x_wconf 89' lang='lat' dir='ltr'><strong>staciona-</strong></span> 
     </span>
     <span class='ocr_line' id='line_1_3' title="bbox 232 663 1493 747; baseline 0.003 -23"><span class='ocrx_word' id='word_1_15' title='bbox 232 663 315 724; x_wconf 90' lang='lat' dir='ltr'><strong>rium</strong></span> <span class='ocrx_word' id='word_1_16' title='bbox 341 664 443 725; x_wconf 90' lang='lat' dir='ltr'><strong>iurare</strong></span> <span class='ocrx_word' id='word_1_17' title='bbox 467 678 593 726; x_wconf 90' lang='lat' dir='ltr'><strong>tenetur</strong></span> <span class='ocrx_word' id='word_1_18' title='bbox 617 684 712 746; x_wconf 90' lang='lat' dir='ltr'><strong>super</strong></span> <span class='ocrx_word' id='word_1_19' title='bbox 734 685 782 743; x_wconf 87' lang='lat' dir='ltr'><strong>en,</strong></span> <span class='ocrx_word' id='word_1_20' title='bbox 816 665 903 746; x_wconf 93' lang='lat' dir='ltr'><strong>quod</strong></span> <span class='ocrx_word' id='word_1_21' title='bbox 935 665 974 726; x_wconf 88' lang='lat' dir='ltr'><strong>de</strong></span> <span class='ocrx_word' id='word_1_22' title='bbox 1003 665 1130 726; x_wconf 84' lang='lat' dir='ltr'>racione</span> <span class='ocrx_word' id='word_1_23' title='bbox 1162 678 1283 747; x_wconf 86' lang='lat' dir='ltr'><strong>septem</strong></span> <span class='ocrx_word' id='word_1_24' title='bbox 1315 686 1493 728; x_wconf 89' lang='lat' dir='ltr'><strong>marcarum</strong></span> 
     </span>
     <span class='ocr_line' id='line_1_4' title="bbox 232 769 1073 852; baseline 0.004 -23"><span class='ocrx_word' id='word_1_25' title='bbox 232 769 293 830; x_wconf 85' lang='lat' dir='ltr'>sibi</span> <span class='ocrx_word' id='word_1_26' title='bbox 317 770 462 831; x_wconf 91' lang='lat' dir='ltr'><strong>nondum</strong></span> <span class='ocrx_word' id='word_1_27' title='bbox 488 770 633 832; x_wconf 84' lang='lat' dir='ltr'><strong>solvisset</strong></span> <span class='ocrx_word' id='word_1_28' title='bbox 653 771 695 831; x_wconf 94' lang='lat' dir='ltr'><strong>XI</strong></span> <span class='ocrx_word' id='word_1_29' title='bbox 721 791 835 852; x_wconf 87' lang='lat' dir='ltr'><strong>pensas</strong></span> <span class='ocrx_word' id='word_1_30' title='bbox 858 791 931 832; x_wconf 87' lang='lat' dir='ltr'><strong>cum</strong></span> <span class='ocrx_word' id='word_1_31' title='bbox 955 771 1073 832; x_wconf 90' lang='lat' dir='ltr'><strong>media.</strong></span> 
     </span>
    </p>

    <p class='ocr_par' dir='ltr' id='par_1_3' title="bbox 230 875 1494 1257">
     <span class='ocr_line' id='line_1_5' title="bbox 336 875 1494 959; baseline 0.003 -23"><span class='ocrx_word' id='word_1_32' title='bbox 336 875 414 938; x_wconf 87' lang='lat' dir='ltr'><strong>Item</strong></span> <span class='ocrx_word' id='word_1_33' title='bbox 445 876 559 938; x_wconf 90' lang='lat' dir='ltr'><strong>eodem</strong></span> <span class='ocrx_word' id='word_1_34' title='bbox 592 877 644 938; x_wconf 91' lang='lat' dir='ltr'><strong>die</strong></span> <span class='ocrx_word' id='word_1_35' title='bbox 680 877 766 938; x_wconf 87' lang='lat' dir='ltr'><strong>idern</strong></span> <span class='ocrx_word' id='word_1_36' title='bbox 799 878 844 938; x_wconf 86' lang='lat' dir='ltr'><strong>St.</strong></span> <span class='ocrx_word' id='word_1_37' title='bbox 875 891 984 938; x_wconf 88' lang='lat' dir='ltr'><strong>contra</strong></span> <span class='ocrx_word' id='word_1_38' title='bbox 1016 877 1119 959; x_wconf 89' lang='lat' dir='ltr'><strong>ipsum</strong></span> <span class='ocrx_word' id='word_1_39' title='bbox 1155 877 1327 938; x_wconf 84' lang='lat' dir='ltr'><strong>MartInum</strong></span> <span class='ocrx_word' id='word_1_40' title='bbox 1361 897 1416 958; x_wconf 90' lang='lat' dir='ltr'><strong>per</strong></span> <span class='ocrx_word' id='word_1_41' title='bbox 1450 879 1494 939; x_wconf 89' lang='lat' dir='ltr'><strong>M.</strong></span> 
     </span>
     <span class='ocr_line' id='line_1_6' title="bbox 230 981 1494 1065; baseline 0.002 -23"><span class='ocrx_word' id='word_1_42' title='bbox 230 982 368 1043; x_wconf 86' lang='lat' dir='ltr'><strong>condam</strong></span> <span class='ocrx_word' id='word_1_43' title='bbox 392 981 532 1063; x_wconf 89' lang='lat' dir='ltr'><strong>judicem</strong></span> <span class='ocrx_word' id='word_1_44' title='bbox 557 997 587 1045; x_wconf 90' lang='lat' dir='ltr'><strong>et</strong></span> <span class='ocrx_word' id='word_1_45' title='bbox 605 982 741 1045; x_wconf 85' lang='lat' dir='ltr'><strong>Paulum</strong></span> <span class='ocrx_word' id='word_1_46' title='bbox 759 983 912 1065; x_wconf 86' lang='lat' dir='ltr'><strong>pictorem</strong></span> <span class='ocrx_word' id='word_1_47' title='bbox 937 983 1157 1045; x_wconf 91' lang='lat' dir='ltr'><strong>testimonium</strong></span> <span class='ocrx_word' id='word_1_48' title='bbox 1175 984 1352 1065; x_wconf 90' lang='lat' dir='ltr'><strong>producere</strong></span> <span class='ocrx_word' id='word_1_49' title='bbox 1369 998 1494 1047; x_wconf 89' lang='lat' dir='ltr'><strong>tenetur</strong></span> 
     </span>
     <span class='ocr_line' id='line_1_7' title="bbox 230 1088 1492 1172; baseline 0.003 -25"><span class='ocrx_word' id='word_1_50' title='bbox 230 1107 392 1169; x_wconf 89' lang='lat' dir='ltr'><strong>supereo,</strong></span> <span class='ocrx_word' id='word_1_51' title='bbox 410 1089 497 1169; x_wconf 92' lang='lat' dir='ltr'><strong>quod</strong></span> <span class='ocrx_word' id='word_1_52' title='bbox 523 1109 581 1171; x_wconf 91' lang='lat' dir='ltr'><strong>pro</strong></span> <span class='ocrx_word' id='word_1_53' title='bbox 606 1090 714 1151; x_wconf 90' lang='lat' dir='ltr'><strong>debito</strong></span> <span class='ocrx_word' id='word_1_54' title='bbox 732 1110 797 1170; x_wconf 94' lang='lat' dir='ltr'><strong>quo</strong></span> <span class='ocrx_word' id='word_1_55' title='bbox 816 1088 1022 1172; x_wconf 88' lang='lat' dir='ltr'><strong>Episcopello</strong></span> <span class='ocrx_word' id='word_1_56' title='bbox 1039 1092 1216 1167; x_wconf 88' lang='lat' dir='ltr'><strong>tenebatur,</strong></span> <span class='ocrx_word' id='word_1_57' title='bbox 1240 1090 1299 1151; x_wconf 90' lang='lat' dir='ltr'><strong>sibi</strong></span> <span class='ocrx_word' id='word_1_58' title='bbox 1319 1090 1492 1171; x_wconf 89' lang='lat' dir='ltr'><strong>quamdam</strong></span> 
     </span>
     <span class='ocr_line' id='line_1_8' title="bbox 230 1195 817 1257; baseline 0.007 -4"><span class='ocrx_word' id='word_1_59' title='bbox 230 1213 320 1254; x_wconf 88' lang='lat' dir='ltr'><strong>suam</strong></span> <span class='ocrx_word' id='word_1_60' title='bbox 345 1195 500 1255; x_wconf 89' lang='lat' dir='ltr'><strong>arabilem</strong></span> <span class='ocrx_word' id='word_1_61' title='bbox 525 1209 640 1257; x_wconf 91' lang='lat' dir='ltr'><strong>terram</strong></span> <span class='ocrx_word' id='word_1_62' title='bbox 669 1195 817 1257; x_wconf 88' lang='lat' dir='ltr'><strong>dedisset.</strong></span> 
     </span>
    </p>

    <p class='ocr_par' dir='ltr' id='par_1_4' title="bbox 335 1300 1404 1383">
     <span class='ocr_line' id='line_1_9' title="bbox 335 1300 1404 1383; baseline 0.003 -23"><span class='ocrx_word' id='word_1_63' title='bbox 335 1301 412 1360; x_wconf 90' lang='lat' dir='ltr'><strong>Item</strong></span> <span class='ocrx_word' id='word_1_64' title='bbox 438 1301 547 1362; x_wconf 88' lang='lat' dir='ltr'><strong>Katria</strong></span> <span class='ocrx_word' id='word_1_65' title='bbox 581 1315 690 1362; x_wconf 89' lang='lat' dir='ltr'><strong>contra</strong></span> <span class='ocrx_word' id='word_1_66' title='bbox 716 1301 852 1363; x_wconf 87' lang='lat' dir='ltr'><strong>Katham</strong></span> <span class='ocrx_word' id='word_1_67' title='bbox 878 1302 982 1383; x_wconf 89' lang='lat' dir='ltr'><strong>primo</strong></span> <span class='ocrx_word' id='word_1_68' title='bbox 1007 1301 1101 1363; x_wconf 89' lang='lat' dir='ltr'><strong>citata</strong></span> <span class='ocrx_word' id='word_1_69' title='bbox 1126 1321 1189 1362; x_wconf 91' lang='lat' dir='ltr'><strong>non</strong></span> <span class='ocrx_word' id='word_1_70' title='bbox 1215 1300 1404 1382; x_wconf 86' lang='lat' dir='ltr'><strong>comparuit.</strong></span> 
     </span>
    </p>

    <p class='ocr_par' dir='ltr' id='par_1_5' title="bbox 232 1405 1492 1581">
     <span class='ocr_line' id='line_1_10' title="bbox 337 1405 1492 1490; baseline 0.003 -24"><span class='ocrx_word' id='word_1_71' title='bbox 337 1407 414 1468; x_wconf 88' lang='lat' dir='ltr'><strong>Item</strong></span> <span class='ocrx_word' id='word_1_72' title='bbox 440 1405 571 1469; x_wconf 87' lang='lat' dir='ltr'><strong>Gabriel</strong></span> <span class='ocrx_word' id='word_1_73' title='bbox 596 1421 627 1469; x_wconf 93' lang='lat' dir='ltr'><strong>et</strong></span> <span class='ocrx_word' id='word_1_74' title='bbox 652 1408 812 1490; x_wconf 84' lang='lat' dir='ltr'><strong>Kateryna</strong></span> <span class='ocrx_word' id='word_1_75' title='bbox 836 1427 926 1469; x_wconf 90' lang='lat' dir='ltr'><strong>soror</strong></span> <span class='ocrx_word' id='word_1_76' title='bbox 949 1428 1005 1469; x_wconf 88' lang='lat' dir='ltr'><strong>sua</strong></span> <span class='ocrx_word' id='word_1_77' title='bbox 1028 1426 1130 1488; x_wconf 89' lang='lat' dir='ltr'><strong>usque</strong></span> <span class='ocrx_word' id='word_1_78' title='bbox 1153 1407 1339 1488; x_wconf 89' lang='lat' dir='ltr'><strong>quindecim</strong></span> <span class='ocrx_word' id='word_1_79' title='bbox 1364 1407 1432 1468; x_wconf 88' lang='lat' dir='ltr'><strong>dies</strong></span> <span class='ocrx_word' id='word_1_80' title='bbox 1448 1420 1492 1469; x_wconf 91' lang='lat' dir='ltr'><strong>te·</strong></span> 
     </span>
     <span class='ocr_line' id='line_1_11' title="bbox 232 1512 1446 1581; baseline 0.003 -9"><span class='ocrx_word' id='word_1_81' title='bbox 232 1526 348 1574; x_wconf 85' lang='lat' dir='ltr'><strong>nentur</strong></span> <span class='ocrx_word' id='word_1_82' title='bbox 373 1513 496 1581; x_wconf 80' lang='lat' dir='ltr'><strong>solvere</strong></span> <span class='ocrx_word' id='word_1_83' title='bbox 521 1513 629 1574; x_wconf 84' lang='lat' dir='ltr'><strong>Marco</strong></span> <span class='ocrx_word' id='word_1_84' title='bbox 653 1512 721 1575; x_wconf 86' lang='lat' dir='ltr'><strong>lilio</strong></span> <span class='ocrx_word' id='word_1_85' title='bbox 738 1514 855 1575; x_wconf 93' lang='lat' dir='ltr'><strong>Donati</strong></span> <span class='ocrx_word' id='word_1_86' title='bbox 881 1513 979 1574; x_wconf 87' lang='lat' dir='ltr'>XLVI</span> <span class='ocrx_word' id='word_1_87' title='bbox 1006 1532 1127 1574; x_wconf 89' lang='lat' dir='ltr'><strong>marcas</strong></span> <span class='ocrx_word' id='word_1_88' title='bbox 1151 1526 1181 1574; x_wconf 94' lang='lat' dir='ltr'><strong>et</strong></span> <span class='ocrx_word' id='word_1_89' title='bbox 1205 1513 1263 1573; x_wconf 89' lang='lat' dir='ltr'><strong>XX</strong></span> <span class='ocrx_word' id='word_1_90' title='bbox 1288 1513 1446 1576; x_wconf 88' lang='lat' dir='ltr'><strong>denarios.</strong></span> 
     </span>
    </p>

    <p class='ocr_par' dir='ltr' id='par_1_6' title="bbox 230 1618 1491 1912">
     <span class='ocr_line' id='line_1_12' title="bbox 332 1618 1485 1701; baseline 0.002 -23"><span class='ocrx_word' id='word_1_91' title='bbox 332 1618 411 1679; x_wconf 90' lang='lat' dir='ltr'><strong>Item</strong></span> <span class='ocrx_word' id='word_1_92' title='bbox 436 1618 533 1680; x_wconf 91' lang='lat' dir='ltr'><strong>homo</strong></span> <span class='ocrx_word' id='word_1_93' title='bbox 558 1619 596 1679; x_wconf 92' lang='lat' dir='ltr'><strong>de</strong></span> <span class='ocrx_word' id='word_1_94' title='bbox 611 1619 779 1697; x_wconf 89' lang='lat' dir='ltr'><strong>Kraleuch,</strong></span> <span class='ocrx_word' id='word_1_95' title='bbox 799 1619 927 1701; x_wconf 88' lang='lat' dir='ltr'><strong>Mathey</strong></span> <span class='ocrx_word' id='word_1_96' title='bbox 950 1619 1093 1697; x_wconf 89' lang='lat' dir='ltr'><strong>nomine,</strong></span> <span class='ocrx_word' id='word_1_97' title='bbox 1116 1638 1218 1700; x_wconf 90' lang='lat' dir='ltr'><strong>usque</strong></span> <span class='ocrx_word' id='word_1_98' title='bbox 1243 1618 1485 1699; x_wconf 89' lang='lat' dir='ltr'><strong>quindecimum</strong></span> 
     </span>
     <span class='ocr_line' id='line_1_13' title="bbox 231 1722 1491 1806; baseline 0.003 -24"><span class='ocrx_word' id='word_1_99' title='bbox 231 1722 315 1783; x_wconf 90' lang='lat' dir='ltr'><strong>diem</strong></span> <span class='ocrx_word' id='word_1_100' title='bbox 341 1737 466 1784; x_wconf 90' lang='lat' dir='ltr'><strong>tenetur</strong></span> <span class='ocrx_word' id='word_1_101' title='bbox 496 1724 619 1786; x_wconf 90' lang='lat' dir='ltr'><strong>solvere</strong></span> <span class='ocrx_word' id='word_1_102' title='bbox 652 1725 794 1787; x_wconf 86' lang='lat' dir='ltr'><strong>redditus</strong></span> <span class='ocrx_word' id='word_1_103' title='bbox 818 1725 857 1786; x_wconf 95' lang='lat' dir='ltr'><strong>de</strong></span> <span class='ocrx_word' id='word_1_104' title='bbox 887 1739 980 1803; x_wconf 89' lang='lat' dir='ltr'><strong>terra,</strong></span> <span class='ocrx_word' id='word_1_105' title='bbox 1003 1743 1087 1785; x_wconf 90' lang='lat' dir='ltr'><strong>anno</strong></span> <span class='ocrx_word' id='word_1_106' title='bbox 1111 1724 1250 1806; x_wconf 89' lang='lat' dir='ltr'><strong>presenti</strong></span> <span class='ocrx_word' id='word_1_107' title='bbox 1282 1724 1390 1786; x_wconf 90' lang='lat' dir='ltr'><strong>relicte</strong></span> <span class='ocrx_word' id='word_1_108' title='bbox 1413 1724 1491 1786; x_wconf 89' lang='lat' dir='ltr'><strong>Suik</strong></span> 
     </span>
     <span class='ocr_line' id='line_1_14' title="bbox 230 1829 1078 1912; baseline 0.005 -24"><span class='ocrx_word' id='word_1_109' title='bbox 230 1829 399 1909; x_wconf 79' lang='lat' dir='ltr'><strong>provenIre</strong></span> <span class='ocrx_word' id='word_1_110' title='bbox 425 1829 602 1908; x_wconf 82' lang='lat' dir='ltr'><strong>debendus,</strong></span> <span class='ocrx_word' id='word_1_111' title='bbox 627 1850 722 1912; x_wconf 89' lang='lat' dir='ltr'><strong>quam</strong></span> <span class='ocrx_word' id='word_1_112' title='bbox 747 1832 849 1892; x_wconf 92' lang='lat' dir='ltr'><strong>tenuit</strong></span> <span class='ocrx_word' id='word_1_113' title='bbox 874 1831 1078 1911; x_wconf 79' lang='lat' dir='ltr'><strong>integraliter.</strong></span> 
     </span>
    </p>

    <p class='ocr_par' dir='ltr' id='par_1_7' title="bbox 230 1935 1493 2121">
     <span class='ocr_line' id='line_1_15' title="bbox 335 1935 1493 2020; baseline 0.004 -25"><span class='ocrx_word' id='word_1_114' title='bbox 335 1935 413 1996; x_wconf 89' lang='lat' dir='ltr'><strong>Item</strong></span> <span class='ocrx_word' id='word_1_115' title='bbox 440 1936 599 1998; x_wconf 88' lang='lat' dir='ltr'><strong>Henricus</strong></span> <span class='ocrx_word' id='word_1_116' title='bbox 616 1937 740 1998; x_wconf 89' lang='lat' dir='ltr'><strong>Drobar</strong></span> <span class='ocrx_word' id='word_1_117' title='bbox 765 1951 874 1999; x_wconf 88' lang='lat' dir='ltr'><strong>contra</strong></span> <span class='ocrx_word' id='word_1_118' title='bbox 892 1936 1014 1998; x_wconf 89' lang='lat' dir='ltr'><strong>Henrih</strong></span> <span class='ocrx_word' id='word_1_119' title='bbox 1032 1935 1202 2020; x_wconf 89' lang='lat' dir='ltr'><strong>pellificem</strong></span> <span class='ocrx_word' id='word_1_120' title='bbox 1220 1951 1334 1999; x_wconf 89' lang='lat' dir='ltr'><strong>octavo</strong></span> <span class='ocrx_word' id='word_1_121' title='bbox 1358 1938 1411 1999; x_wconf 90' lang='lat' dir='ltr'><strong>die</strong></span> <span class='ocrx_word' id='word_1_122' title='bbox 1428 1953 1493 2001; x_wconf 91' lang='lat' dir='ltr'><strong>met</strong></span> 
     </span>
     <span class='ocr_line' id='line_1_16' title="bbox 230 2040 674 2121; baseline 0.009 -21"><span class='ocrx_word' id='word_1_123' title='bbox 230 2041 388 2102; x_wconf 90' lang='lat' dir='ltr'><strong>secundus</strong></span> <span class='ocrx_word' id='word_1_124' title='bbox 413 2040 516 2121; x_wconf 89' lang='lat' dir='ltr'><strong>jurare</strong></span> <span class='ocrx_word' id='word_1_125' title='bbox 539 2057 674 2105; x_wconf 90' lang='lat' dir='ltr'><strong>tenetur.</strong></span> 
     </span>
    </p>

    <p class='ocr_par' dir='ltr' id='par_1_8' title="bbox 230 2148 1492 2337">
     <span class='ocr_line' id='line_1_17' title="bbox 335 2148 1492 2230; baseline 0.004 -22"><span class='ocrx_word' id='word_1_126' title='bbox 335 2148 413 2209; x_wconf 90' lang='lat' dir='ltr'><strong>Item</strong></span> <span class='ocrx_word' id='word_1_127' title='bbox 436 2163 549 2210; x_wconf 89' lang='lat' dir='ltr'><strong>octavo</strong></span> <span class='ocrx_word' id='word_1_128' title='bbox 574 2149 626 2210; x_wconf 91' lang='lat' dir='ltr'><strong>die</strong></span> <span class='ocrx_word' id='word_1_129' title='bbox 651 2150 806 2211; x_wconf 88' lang='lat' dir='ltr'><strong>Martinus</strong></span> <span class='ocrx_word' id='word_1_130' title='bbox 830 2164 895 2211; x_wconf 91' lang='lat' dir='ltr'><strong>met</strong></span> <span class='ocrx_word' id='word_1_131' title='bbox 917 2149 1076 2210; x_wconf 87' lang='lat' dir='ltr'><strong>secundus</strong></span> <span class='ocrx_word' id='word_1_132' title='bbox 1093 2149 1125 2210; x_wconf 92' lang='lat' dir='ltr'><strong>in</strong></span> <span class='ocrx_word' id='word_1_133' title='bbox 1150 2150 1313 2230; x_wconf 79' lang='lat' dir='ltr'><strong>sanguinis</strong></span> <span class='ocrx_word' id='word_1_134' title='bbox 1337 2150 1492 2213; x_wconf 86' lang='lat' dir='ltr'><strong>effusione</strong></span> 
     </span>
     <span class='ocr_line' id='line_1_18' title="bbox 230 2253 1069 2337; baseline 0.005 -25"><span class='ocrx_word' id='word_1_135' title='bbox 230 2266 339 2313; x_wconf 83' lang='lat' dir='ltr'><strong>contra</strong></span> <span class='ocrx_word' id='word_1_136' title='bbox 363 2253 485 2315; x_wconf 90' lang='lat' dir='ltr'><strong>Videch</strong></span> <span class='ocrx_word' id='word_1_137' title='bbox 509 2253 723 2333; x_wconf 86' lang='lat' dir='ltr'><strong>juramentum</strong></span> <span class='ocrx_word' id='word_1_138' title='bbox 749 2255 909 2337; x_wconf 86' lang='lat' dir='ltr'><strong>deponere</strong></span> <span class='ocrx_word' id='word_1_139' title='bbox 933 2268 1069 2316; x_wconf 90' lang='lat' dir='ltr'><strong>tenetur.</strong></span> 
     </span>
    </p>

    <p class='ocr_par' dir='ltr' id='par_1_9' title="bbox 231 2360 1490 2547">
     <span class='ocr_line' id='line_1_19' title="bbox 337 2360 1490 2443; baseline 0.003 -24"><span class='ocrx_word' id='word_1_140' title='bbox 337 2360 412 2420; x_wconf 89' lang='lat' dir='ltr'><strong>Item</strong></span> <span class='ocrx_word' id='word_1_141' title='bbox 439 2360 561 2421; x_wconf 88' lang='lat' dir='ltr'><strong>Blasius</strong></span> <span class='ocrx_word' id='word_1_142' title='bbox 585 2376 694 2422; x_wconf 90' lang='lat' dir='ltr'><strong>contra</strong></span> <span class='ocrx_word' id='word_1_143' title='bbox 719 2362 897 2422; x_wconf 87' lang='lat' dir='ltr'><strong>Fabianum</strong></span> <span class='ocrx_word' id='word_1_144' title='bbox 922 2361 962 2422; x_wconf 92' lang='lat' dir='ltr'><strong>ad</strong></span> <span class='ocrx_word' id='word_1_145' title='bbox 986 2374 1059 2422; x_wconf 93' lang='lat' dir='ltr'><strong>octo</strong></span> <span class='ocrx_word' id='word_1_146' title='bbox 1084 2361 1152 2422; x_wconf 89' lang='lat' dir='ltr'><strong>dies</strong></span> <span class='ocrx_word' id='word_1_147' title='bbox 1176 2362 1294 2443; x_wconf 90' lang='lat' dir='ltr'><strong>recepit</strong></span> <span class='ocrx_word' id='word_1_148' title='bbox 1317 2362 1490 2423; x_wconf 90' lang='lat' dir='ltr'><strong>terminum</strong></span> 
     </span>
     <span class='ocr_line' id='line_1_20' title="bbox 231 2465 565 2547; baseline 0.009 -22"><span class='ocrx_word' id='word_1_149' title='bbox 231 2465 269 2525; x_wconf 92' lang='lat' dir='ltr'><strong>ad</strong></span> <span class='ocrx_word' id='word_1_150' title='bbox 295 2466 565 2547; x_wconf 87' lang='lat' dir='ltr'><strong>respondendum.</strong></span> 
     </span>
    </p>

    <p class='ocr_par' dir='ltr' id='par_1_10' title="bbox 230 2573 1492 2868">
     <span class='ocr_line' id='line_1_21' title="bbox 336 2573 1491 2657; baseline 0.003 -25"><span class='ocrx_word' id='word_1_151' title='bbox 336 2573 413 2633; x_wconf 89' lang='lat' dir='ltr'><strong>Item</strong></span> <span class='ocrx_word' id='word_1_152' title='bbox 439 2573 542 2654; x_wconf 88' lang='lat' dir='ltr'><strong>primo</strong></span> <span class='ocrx_word' id='word_1_153' title='bbox 567 2573 686 2653; x_wconf 88' lang='lat' dir='ltr'><strong>judicio</strong></span> <span class='ocrx_word' id='word_1_154' title='bbox 712 2574 836 2635; x_wconf 89' lang='lat' dir='ltr'><strong>Blasius</strong></span> <span class='ocrx_word' id='word_1_155' title='bbox 860 2575 1068 2635; x_wconf 86' lang='lat' dir='ltr'><strong>stacionarius</strong></span> <span class='ocrx_word' id='word_1_156' title='bbox 1092 2594 1148 2656; x_wconf 91' lang='lat' dir='ltr'><strong>per</strong></span> <span class='ocrx_word' id='word_1_157' title='bbox 1172 2574 1366 2657; x_wconf 87' lang='lat' dir='ltr'><strong>Philippum,</strong></span> <span class='ocrx_word' id='word_1_158' title='bbox 1392 2575 1491 2636; x_wconf 76' lang='lat' dir='ltr'><strong>lach·</strong></span> 
     </span>
     <span class='ocr_line' id='line_1_22' title="bbox 230 2679 1491 2762; baseline 0.004 -24"><span class='ocrx_word' id='word_1_159' title='bbox 230 2679 358 2756; x_wconf 75' lang='lat' dir='ltr'><strong>leonem,</strong></span> <span class='ocrx_word' id='word_1_160' title='bbox 383 2679 541 2740; x_wconf 87' lang='lat' dir='ltr'><strong>lanchech</strong></span> <span class='ocrx_word' id='word_1_161' title='bbox 566 2695 596 2740; x_wconf 95' lang='lat' dir='ltr'><strong>et</strong></span> <span class='ocrx_word' id='word_1_162' title='bbox 613 2681 767 2741; x_wconf 88' lang='lat' dir='ltr'><strong>Iacobum</strong></span> <span class='ocrx_word' id='word_1_163' title='bbox 786 2696 893 2741; x_wconf 91' lang='lat' dir='ltr'><strong>contra</strong></span> <span class='ocrx_word' id='word_1_164' title='bbox 912 2680 1075 2741; x_wconf 89' lang='lat' dir='ltr'><strong>Thomam</strong></span> <span class='ocrx_word' id='word_1_165' title='bbox 1093 2700 1245 2761; x_wconf 82' lang='lat' dir='ltr'><strong>magnum</strong></span> <span class='ocrx_word' id='word_1_166' title='bbox 1270 2700 1365 2762; x_wconf 91' lang='lat' dir='ltr'><strong>super</strong></span> <span class='ocrx_word' id='word_1_167' title='bbox 1381 2683 1491 2743; x_wconf 91' lang='lat' dir='ltr'><strong>verbe·</strong></span> 
     </span>
     <span class='ocr_line' id='line_1_23' title="bbox 230 2783 1492 2868; baseline 0.004 -26"><span class='ocrx_word' id='word_1_168' title='bbox 230 2783 356 2844; x_wconf 84' lang='lat' dir='ltr'><strong>racione</strong></span> <span class='ocrx_word' id='word_1_169' title='bbox 370 2798 400 2846; x_wconf 91' lang='lat' dir='ltr'><strong>et</strong></span> <span class='ocrx_word' id='word_1_170' title='bbox 413 2786 471 2845; x_wconf 91' lang='lat' dir='ltr'><strong>sub</strong></span> <span class='ocrx_word' id='word_1_171' title='bbox 487 2805 567 2867; x_wconf 92' lang='lat' dir='ltr'><strong>pena</strong></span> <span class='ocrx_word' id='word_1_172' title='bbox 579 2786 609 2846; x_wconf 89' lang='lat' dir='ltr'><strong>in</strong></span> <span class='ocrx_word' id='word_1_173' title='bbox 620 2805 692 2847; x_wconf 86' lang='lat' dir='ltr'><strong>eum</strong></span> <span class='ocrx_word' id='word_1_174' title='bbox 703 2800 928 2849; x_wconf 87' lang='lat' dir='ltr'><strong>temeratorem</strong></span> <span class='ocrx_word' id='word_1_175' title='bbox 939 2787 1158 2848; x_wconf 89' lang='lat' dir='ltr'><strong>testimonium</strong></span> <span class='ocrx_word' id='word_1_176' title='bbox 1170 2787 1347 2868; x_wconf 90' lang='lat' dir='ltr'><strong>producere</strong></span> <span class='ocrx_word' id='word_1_177' title='bbox 1356 2800 1492 2849; x_wconf 90' lang='lat' dir='ltr'><strong>tenetur.</strong></span> 
     </span>
    </p>
   </div>
   <div class='ocr_carea' id='block_1_3' title="bbox 283 2998 1424 3093">
    <p class='ocr_par' dir='ltr' id='par_1_11' title="bbox 283 2998 1424 3093">
     <span class='ocr_line' id='line_1_24' title="bbox 283 2998 1424 3093; baseline 0.004 -21"><span class='ocrx_word' id='word_1_178' title='bbox 283 2998 377 3073; x_wconf 79' lang='lat' dir='ltr'><strong>lesia</strong></span> <span class='ocrx_word' id='word_1_179' title='bbox 407 3005 512 3075; x_wconf 87' lang='lat' dir='ltr'><strong>tercia</strong></span> <span class='ocrx_word' id='word_1_180' title='bbox 541 3007 695 3092; x_wconf 87' lang='lat' dir='ltr'><strong>proxima</strong></span> <span class='ocrx_word' id='word_1_181' title='bbox 723 3013 800 3093; x_wconf 84' lang='lat' dir='ltr'><strong>post</strong></span> <span class='ocrx_word' id='word_1_182' title='bbox 827 3005 949 3076; x_wconf 84' lang='lat' dir='ltr'><strong>festum</strong></span> <span class='ocrx_word' id='word_1_183' title='bbox 978 3007 1067 3077; x_wconf 84' lang='lat' dir='ltr'><strong>beati</strong></span> <span class='ocrx_word' id='word_1_184' title='bbox 1096 3004 1182 3077; x_wconf 87' lang='lat' dir='ltr'><strong>Galli</strong></span> <span class='ocrx_word' id='word_1_185' title='bbox 1211 3006 1424 3079; x_wconf 82' lang='lat' dir='ltr'><strong>confessoris.</strong></span> 
     </span>
    </p>
   </div>
   <div class='ocr_carea' id='block_1_4' title="bbox 725 3159 974 3234">
    <p class='ocr_par' dir='ltr' id='par_1_12' title="bbox 725 3159 974 3234">
     <span class='ocr_line' id='line_1_25' title="bbox 725 3159 974 3234; baseline 0.012 -19"><span class='ocrx_word' id='word_1_186' title='bbox 725 3226 729 3233; x_wconf 21' lang='lat'><strong><em>⁴</em></strong></span> <span class='ocrx_word' id='word_1_187' title='bbox 754 3167 813 3234; x_wconf 92' lang='lat'><em>(17.</em></span> <span class='ocrx_word' id='word_1_188' title='bbox 836 3159 974 3231; x_wconf 71' lang='lat' dir='ltr'><strong>octobres).</strong></span> 
     </span>
    </p>
   </div>
   <div class='ocr_carea' id='block_1_5' title="bbox 227 3314 1500 4884">
    <p class='ocr_par' dir='ltr' id='par_1_13' title="bbox 228 3314 1500 3716">
     <span class='ocr_line' id='line_1_26' title="bbox 336 3314 1490 3395; baseline 0.004 -21"><span class='ocrx_word' id='word_1_189' title='bbox 336 3314 443 3375; x_wconf 88' lang='lat' dir='ltr'><strong>Primo</strong></span> <span class='ocrx_word' id='word_1_190' title='bbox 468 3315 609 3376; x_wconf 89' lang='lat' dir='ltr'><strong>Brumna</strong></span> <span class='ocrx_word' id='word_1_191' title='bbox 627 3315 735 3376; x_wconf 90' lang='lat' dir='ltr'><strong>relicta</strong></span> <span class='ocrx_word' id='word_1_192' title='bbox 753 3315 910 3376; x_wconf 85' lang='lat' dir='ltr'><strong>Radouan</strong></span> <span class='ocrx_word' id='word_1_193' title='bbox 928 3329 1035 3377; x_wconf 90' lang='lat' dir='ltr'><strong>contra</strong></span> <span class='ocrx_word' id='word_1_194' title='bbox 1053 3315 1196 3376; x_wconf 87' lang='lat' dir='ltr'><strong>relictam</strong></span> <span class='ocrx_word' id='word_1_195' title='bbox 1215 3315 1336 3395; x_wconf 90' lang='lat' dir='ltr'><strong>Jacobi,</strong></span> <span class='ocrx_word' id='word_1_196' title='bbox 1354 3317 1490 3379; x_wconf 91' lang='lat' dir='ltr'><strong>condam</strong></span> 
     </span>
     <span class='ocr_line' id='line_1_27' title="bbox 229 3419 1500 3505; baseline 0 -25"><span class='ocrx_word' id='word_1_197' title='bbox 229 3419 354 3500; x_wconf 86' lang='lat' dir='ltr'><strong>judicis,</strong></span> <span class='ocrx_word' id='word_1_198' title='bbox 379 3441 436 3502; x_wconf 91' lang='lat' dir='ltr'><strong>per</strong></span> <span class='ocrx_word' id='word_1_199' title='bbox 466 3421 630 3482; x_wconf 86' lang='lat' dir='ltr'><strong>dominam</strong></span> <span class='ocrx_word' id='word_1_200' title='bbox 665 3423 842 3483; x_wconf 87' lang='lat' dir='ltr'><strong>Martinkus</strong></span> <span class='ocrx_word' id='word_1_201' title='bbox 874 3435 904 3483; x_wconf 93' lang='lat' dir='ltr'><strong>et</strong></span> <span class='ocrx_word' id='word_1_202' title='bbox 935 3423 1079 3482; x_wconf 86' lang='lat' dir='ltr'><strong>Jakmam</strong></span> <span class='ocrx_word' id='word_1_203' title='bbox 1104 3442 1198 3504; x_wconf 88' lang='lat' dir='ltr'><strong>super</strong></span> <span class='ocrx_word' id='word_1_204' title='bbox 1229 3442 1279 3501; x_wconf 90' lang='lat' dir='ltr'><strong>eo,</strong></span> <span class='ocrx_word' id='word_1_205' title='bbox 1303 3423 1391 3503; x_wconf 93' lang='lat' dir='ltr'><strong>quod</strong></span> <span class='ocrx_word' id='word_1_206' title='bbox 1423 3424 1500 3505; x_wconf 89' lang='lat' dir='ltr'><strong>ipsa.</strong></span> 
     </span>
     <span class='ocr_line' id='line_1_28' title="bbox 229 3526 1490 3610; baseline 0.003 -23"><span class='ocrx_word' id='word_1_207' title='bbox 229 3546 299 3587; x_wconf 90' lang='lat' dir='ltr'><strong>eam</strong></span> <span class='ocrx_word' id='word_1_208' title='bbox 332 3528 505 3589; x_wconf 90' lang='lat' dir='ltr'><strong>enormiter</strong></span> <span class='ocrx_word' id='word_1_209' title='bbox 537 3529 755 3610; x_wconf 89' lang='lat' dir='ltr'><strong>vituperasset,</strong></span> <span class='ocrx_word' id='word_1_210' title='bbox 787 3529 976 3610; x_wconf 89' lang='lat' dir='ltr'><strong>alapamque</strong></span> <span class='ocrx_word' id='word_1_211' title='bbox 1010 3529 1041 3589; x_wconf 90' lang='lat' dir='ltr'><strong>in</strong></span> <span class='ocrx_word' id='word_1_212' title='bbox 1074 3526 1187 3590; x_wconf 83' lang='lat' dir='ltr'><strong>faciem</strong></span> <span class='ocrx_word' id='word_1_213' title='bbox 1219 3549 1309 3591; x_wconf 89' lang='lat' dir='ltr'><strong>suam</strong></span> <span class='ocrx_word' id='word_1_214' title='bbox 1340 3529 1490 3609; x_wconf 85' lang='lat' dir='ltr'><strong>dedisset,</strong></span> 
     </span>
     <span class='ocr_line' id='line_1_29' title="bbox 228 3634 1023 3716; baseline 0.004 -23"><span class='ocrx_word' id='word_1_215' title='bbox 228 3648 342 3693; x_wconf 88' lang='lat' dir='ltr'><strong>octavo</strong></span> <span class='ocrx_word' id='word_1_216' title='bbox 367 3634 418 3694; x_wconf 93' lang='lat' dir='ltr'><strong>die</strong></span> <span class='ocrx_word' id='word_1_217' title='bbox 442 3634 662 3695; x_wconf 90' lang='lat' dir='ltr'><strong>testimonium</strong></span> <span class='ocrx_word' id='word_1_218' title='bbox 687 3635 864 3716; x_wconf 90' lang='lat' dir='ltr'><strong>producere</strong></span> <span class='ocrx_word' id='word_1_219' title='bbox 888 3649 1023 3696; x_wconf 90' lang='lat' dir='ltr'><strong>tenetur.</strong></span> 
     </span>
    </p>

    <p class='ocr_par' dir='ltr' id='par_1_14' title="bbox 228 3739 1490 4247">
     <span class='ocr_line' id='line_1_30' title="bbox 334 3739 1488 3821; baseline 0.003 -22"><span class='ocrx_word' id='word_1_220' title='bbox 334 3740 412 3799; x_wconf 89' lang='lat' dir='ltr'><strong>Item</strong></span> <span class='ocrx_word' id='word_1_221' title='bbox 429 3739 510 3801; x_wconf 91' lang='lat' dir='ltr'><strong>Vole</strong></span> <span class='ocrx_word' id='word_1_222' title='bbox 527 3754 628 3801; x_wconf 88' lang='lat' dir='ltr'><strong>sartor</strong></span> <span class='ocrx_word' id='word_1_223' title='bbox 642 3754 755 3802; x_wconf 87' lang='lat' dir='ltr'><strong>octavo</strong></span> <span class='ocrx_word' id='word_1_224' title='bbox 773 3741 824 3800; x_wconf 91' lang='lat' dir='ltr'><strong>die</strong></span> <span class='ocrx_word' id='word_1_225' title='bbox 836 3755 945 3801; x_wconf 89' lang='lat' dir='ltr'><strong>contra</strong></span> <span class='ocrx_word' id='word_1_226' title='bbox 958 3741 1101 3802; x_wconf 88' lang='lat' dir='ltr'><strong>relictam</strong></span> <span class='ocrx_word' id='word_1_227' title='bbox 1115 3739 1254 3802; x_wconf 90' lang='lat' dir='ltr'><strong>Gilionis</strong></span> <span class='ocrx_word' id='word_1_228' title='bbox 1271 3760 1327 3821; x_wconf 90' lang='lat' dir='ltr'><strong>per</strong></span> <span class='ocrx_word' id='word_1_229' title='bbox 1344 3741 1488 3803; x_wconf 88' lang='lat' dir='ltr'><strong>Jakmam</strong></span> 
     </span>
     <span class='ocr_line' id='line_1_31' title="bbox 229 3846 1488 3929; baseline 0.003 -24"><span class='ocrx_word' id='word_1_230' title='bbox 229 3858 259 3906; x_wconf 89' lang='lat' dir='ltr'><strong>et</strong></span> <span class='ocrx_word' id='word_1_231' title='bbox 284 3846 403 3907; x_wconf 87' lang='lat' dir='ltr'><strong>Rosam</strong></span> <span class='ocrx_word' id='word_1_232' title='bbox 427 3847 648 3908; x_wconf 90' lang='lat' dir='ltr'><strong>testimonium</strong></span> <span class='ocrx_word' id='word_1_233' title='bbox 672 3847 848 3929; x_wconf 89' lang='lat' dir='ltr'><strong>producere</strong></span> <span class='ocrx_word' id='word_1_234' title='bbox 877 3862 1001 3908; x_wconf 89' lang='lat' dir='ltr'><strong>tenetur</strong></span> <span class='ocrx_word' id='word_1_235' title='bbox 1024 3867 1118 3928; x_wconf 89' lang='lat' dir='ltr'><strong>super</strong></span> <span class='ocrx_word' id='word_1_236' title='bbox 1143 3866 1192 3925; x_wconf 90' lang='lat' dir='ltr'><strong>e0,</strong></span> <span class='ocrx_word' id='word_1_237' title='bbox 1217 3847 1304 3927; x_wconf 91' lang='lat' dir='ltr'><strong>quod</strong></span> <span class='ocrx_word' id='word_1_238' title='bbox 1329 3866 1409 3907; x_wconf 85' lang='lat' dir='ltr'><strong>uxor</strong></span> <span class='ocrx_word' id='word_1_239' title='bbox 1432 3868 1488 3909; x_wconf 88' lang='lat' dir='ltr'><strong>sua</strong></span> 
     </span>
     <span class='ocr_line' id='line_1_32' title="bbox 228 3951 1486 4034; baseline 0.002 -22"><span class='ocrx_word' id='word_1_240' title='bbox 228 3951 267 4012; x_wconf 90' lang='lat' dir='ltr'><strong>ad</strong></span> <span class='ocrx_word' id='word_1_241' title='bbox 292 3953 405 4013; x_wconf 87' lang='lat' dir='ltr'><strong>scitum</strong></span> <span class='ocrx_word' id='word_1_242' title='bbox 431 3973 540 4014; x_wconf 90' lang='lat' dir='ltr'><strong>earum</strong></span> <span class='ocrx_word' id='word_1_243' title='bbox 564 3954 622 4034; x_wconf 90' lang='lat' dir='ltr'><strong>ipsi</strong></span> <span class='ocrx_word' id='word_1_244' title='bbox 648 3955 701 4014; x_wconf 97' lang='lat' dir='ltr'><strong>IIII</strong></span> <span class='ocrx_word' id='word_1_245' title='bbox 726 3954 794 4016; x_wconf 87' lang='lat' dir='ltr'><strong>flor.</strong></span> <span class='ocrx_word' id='word_1_246' title='bbox 819 3954 859 4015; x_wconf 92' lang='lat' dir='ltr'><strong>ad</strong></span> <span class='ocrx_word' id='word_1_247' title='bbox 883 3953 1056 4015; x_wconf 89' lang='lat' dir='ltr'><strong>emendum</strong></span> <span class='ocrx_word' id='word_1_248' title='bbox 1081 3972 1223 4034; x_wconf 90' lang='lat' dir='ltr'><strong>pannum</strong></span> <span class='ocrx_word' id='word_1_249' title='bbox 1248 3952 1402 4029; x_wconf 81' lang='lat' dir='ltr'><strong>dedisset3</strong></span> <span class='ocrx_word' id='word_1_250' title='bbox 1427 3973 1486 4015; x_wconf 90' lang='lat' dir='ltr'><strong>nec</strong></span> 
     </span>
     <span class='ocr_line' id='line_1_33' title="bbox 229 4057 1490 4138; baseline 0.002 -21"><span class='ocrx_word' id='word_1_251' title='bbox 229 4057 315 4138; x_wconf 87' lang='lat' dir='ltr'><strong>ipsos</strong></span> <span class='ocrx_word' id='word_1_252' title='bbox 338 4058 484 4120; x_wconf 89' lang='lat' dir='ltr'><strong>similiter</strong></span> <span class='ocrx_word' id='word_1_253' title='bbox 508 4059 548 4120; x_wconf 91' lang='lat' dir='ltr'><strong>ad</strong></span> <span class='ocrx_word' id='word_1_254' title='bbox 573 4061 687 4121; x_wconf 88' lang='lat' dir='ltr'><strong>scitum</strong></span> <span class='ocrx_word' id='word_1_255' title='bbox 712 4080 820 4121; x_wconf 87' lang='lat' dir='ltr'><strong>earum</strong></span> <span class='ocrx_word' id='word_1_256' title='bbox 845 4060 930 4121; x_wconf 90' lang='lat' dir='ltr'><strong>dicto</strong></span> <span class='ocrx_word' id='word_1_257' title='bbox 955 4059 1077 4121; x_wconf 88' lang='lat' dir='ltr'><strong>Gilioni</strong></span> <span class='ocrx_word' id='word_1_258' title='bbox 1097 4057 1246 4135; x_wconf 90' lang='lat' dir='ltr'><strong>dedisset,</strong></span> <span class='ocrx_word' id='word_1_259' title='bbox 1270 4058 1325 4119; x_wconf 90' lang='lat' dir='ltr'><strong>sed</strong></span> <span class='ocrx_word' id='word_1_260' title='bbox 1349 4058 1389 4119; x_wconf 92' lang='lat' dir='ltr'><strong>ad</strong></span> <span class='ocrx_word' id='word_1_261' title='bbox 1415 4078 1490 4120; x_wconf 88' lang='lat' dir='ltr'><strong>suos</strong></span> 
     </span>
     <span class='ocr_line' id='line_1_34' title="bbox 229 4165 649 4247; baseline 0.012 -25"><span class='ocrx_word' id='word_1_262' title='bbox 229 4182 304 4223; x_wconf 90' lang='lat' dir='ltr'><strong>usus</strong></span> <span class='ocrx_word' id='word_1_263' title='bbox 329 4165 413 4245; x_wconf 90' lang='lat' dir='ltr'><strong>ipsos</strong></span> <span class='ocrx_word' id='word_1_264' title='bbox 438 4167 649 4247; x_wconf 89' lang='lat' dir='ltr'><strong>expendisset.</strong></span> 
     </span>
    </p>

    <p class='ocr_par' dir='ltr' id='par_1_15' title="bbox 227 4270 1489 4673">
     <span class='ocr_line' id='line_1_35' title="bbox 335 4270 1487 4334; baseline 0.003 -4"><span class='ocrx_word' id='word_1_265' title='bbox 335 4271 411 4331; x_wconf 92' lang='lat' dir='ltr'><strong>Item</strong></span> <span class='ocrx_word' id='word_1_266' title='bbox 444 4272 569 4333; x_wconf 88' lang='lat' dir='ltr'><strong>Marcus</strong></span> <span class='ocrx_word' id='word_1_267' title='bbox 600 4271 684 4333; x_wconf 89' lang='lat' dir='ltr'><strong>filius</strong></span> <span class='ocrx_word' id='word_1_268' title='bbox 716 4273 832 4334; x_wconf 88' lang='lat' dir='ltr'><strong>Donati</strong></span> <span class='ocrx_word' id='word_1_269' title='bbox 865 4285 979 4334; x_wconf 90' lang='lat' dir='ltr'><strong>octavo</strong></span> <span class='ocrx_word' id='word_1_270' title='bbox 1011 4272 1062 4332; x_wconf 91' lang='lat' dir='ltr'><strong>die</strong></span> <span class='ocrx_word' id='word_1_271' title='bbox 1094 4284 1203 4332; x_wconf 85' lang='lat' dir='ltr'><strong>contra</strong></span> <span class='ocrx_word' id='word_1_272' title='bbox 1233 4270 1332 4332; x_wconf 86' lang='lat' dir='ltr'><strong>filiam</strong></span> <span class='ocrx_word' id='word_1_273' title='bbox 1365 4272 1487 4334; x_wconf 85' lang='lat' dir='ltr'><strong>Pauleti</strong></span> 
     </span>
     <span class='ocr_line' id='line_1_36' title="bbox 227 4376 1489 4460; baseline 0.002 -26"><span class='ocrx_word' id='word_1_274' title='bbox 227 4390 461 4437; x_wconf 86' lang='lat' dir='ltr'><strong>sacramentum</strong></span> <span class='ocrx_word' id='word_1_275' title='bbox 487 4390 623 4457; x_wconf 87' lang='lat' dir='ltr'><strong>prestare</strong></span> <span class='ocrx_word' id='word_1_276' title='bbox 646 4391 772 4439; x_wconf 89' lang='lat' dir='ltr'><strong>tenetur</strong></span> <span class='ocrx_word' id='word_1_277' title='bbox 795 4398 890 4460; x_wconf 90' lang='lat' dir='ltr'><strong>super</strong></span> <span class='ocrx_word' id='word_1_278' title='bbox 918 4398 967 4455; x_wconf 90' lang='lat' dir='ltr'><strong>eo,</strong></span> <span class='ocrx_word' id='word_1_279' title='bbox 992 4376 1079 4458; x_wconf 91' lang='lat' dir='ltr'><strong>quod</strong></span> <span class='ocrx_word' id='word_1_280' title='bbox 1104 4376 1255 4437; x_wconf 87' lang='lat' dir='ltr'><strong>Pauletus</strong></span> <span class='ocrx_word' id='word_1_281' title='bbox 1278 4390 1366 4457; x_wconf 90' lang='lat' dir='ltr'><strong>pater</strong></span> <span class='ocrx_word' id='word_1_282' title='bbox 1390 4376 1489 4457; x_wconf 91' lang='lat' dir='ltr'><strong>ipsius</strong></span> 
     </span>
     <span class='ocr_line' id='line_1_37' title="bbox 229 4481 1488 4564; baseline 0.002 -22"><span class='ocrx_word' id='word_1_283' title='bbox 229 4482 268 4543; x_wconf 92' lang='lat' dir='ltr'><strong>de</strong></span> <span class='ocrx_word' id='word_1_284' title='bbox 293 4484 393 4544; x_wconf 87' lang='lat' dir='ltr'><strong>XLVI</strong></span> <span class='ocrx_word' id='word_1_285' title='bbox 418 4485 531 4545; x_wconf 87' lang='lat' dir='ltr'><strong>marcis</strong></span> <span class='ocrx_word' id='word_1_286' title='bbox 555 4497 585 4546; x_wconf 90' lang='lat' dir='ltr'><strong>et</strong></span> <span class='ocrx_word' id='word_1_287' title='bbox 608 4485 667 4545; x_wconf 92' lang='lat' dir='ltr'><strong>XX</strong></span> <span class='ocrx_word' id='word_1_288' title='bbox 692 4485 830 4546; x_wconf 89' lang='lat' dir='ltr'><strong>denariis</strong></span> <span class='ocrx_word' id='word_1_289' title='bbox 847 4485 979 4545; x_wconf 89' lang='lat' dir='ltr'><strong>minime</strong></span> <span class='ocrx_word' id='word_1_290' title='bbox 1004 4483 1153 4564; x_wconf 90' lang='lat' dir='ltr'><strong>quitquid</strong></span> <span class='ocrx_word' id='word_1_291' title='bbox 1177 4482 1323 4544; x_wconf 90' lang='lat' dir='ltr'><strong>solvisset</strong></span> <span class='ocrx_word' id='word_1_292' title='bbox 1348 4481 1488 4545; x_wconf 89' lang='lat' dir='ltr'><strong>Gianino</strong></span> 
     </span>
     <span class='ocr_line' id='line_1_38' title="bbox 229 4587 978 4673; baseline 0.004 -25"><span class='ocrx_word' id='word_1_293' title='bbox 229 4587 315 4650; x_wconf 81' lang='lat' dir='ltr'><strong>fratri</strong></span> <span class='ocrx_word' id='word_1_294' title='bbox 341 4589 440 4672; x_wconf 90' lang='lat' dir='ltr'><strong>ipsius</strong></span> <span class='ocrx_word' id='word_1_295' title='bbox 463 4590 514 4651; x_wconf 93' lang='lat' dir='ltr'><strong>vel</strong></span> <span class='ocrx_word' id='word_1_296' title='bbox 538 4591 689 4671; x_wconf 91' lang='lat' dir='ltr'><strong>cuiquam</strong></span> <span class='ocrx_word' id='word_1_297' title='bbox 714 4590 813 4673; x_wconf 91' lang='lat' dir='ltr'><strong>ipsius</strong></span> <span class='ocrx_word' id='word_1_298' title='bbox 837 4591 978 4651; x_wconf 80' lang='lat' dir='ltr'><strong>nomios.</strong></span> 
     </span>
    </p>

    <p class='ocr_par' dir='ltr' id='par_1_16' title="bbox 228 4694 1487 4884">
     <span class='ocr_line' id='line_1_39' title="bbox 334 4694 1487 4776; baseline -0.002 -20"><span class='ocrx_word' id='word_1_299' title='bbox 334 4695 410 4756; x_wconf 90' lang='lat' dir='ltr'><strong>Item</strong></span> <span class='ocrx_word' id='word_1_300' title='bbox 436 4715 528 4756; x_wconf 91' lang='lat' dir='ltr'><strong>causa</strong></span> <span class='ocrx_word' id='word_1_301' title='bbox 553 4715 616 4776; x_wconf 89' lang='lat' dir='ltr'><strong>que</strong></span> <span class='ocrx_word' id='word_1_302' title='bbox 647 4695 779 4757; x_wconf 88' lang='lat' dir='ltr'><strong>vertitur</strong></span> <span class='ocrx_word' id='word_1_303' title='bbox 810 4697 892 4756; x_wconf 86' lang='lat' dir='ltr'><strong>Inter</strong></span> <span class='ocrx_word' id='word_1_304' title='bbox 923 4696 1030 4757; x_wconf 88' lang='lat' dir='ltr'><strong>Petres</strong></span> <span class='ocrx_word' id='word_1_305' title='bbox 1061 4694 1240 4757; x_wconf 80' lang='lat' dir='ltr'><strong>carnificem</strong></span> <span class='ocrx_word' id='word_1_306' title='bbox 1266 4707 1296 4756; x_wconf 89' lang='lat' dir='ltr'><strong>et</strong></span> <span class='ocrx_word' id='word_1_307' title='bbox 1320 4694 1358 4755; x_wconf 93' lang='lat' dir='ltr'><strong>N.</strong></span> <span class='ocrx_word' id='word_1_308' title='bbox 1385 4694 1487 4755; x_wconf 90' lang='lat' dir='ltr'><strong>Kuro-</strong></span> 
     </span>
     <span class='ocr_line' id='line_1_40' title="bbox 228 4799 1081 4884; baseline 0.004 -24"><span class='ocrx_word' id='word_1_309' title='bbox 228 4799 356 4862; x_wconf 88' lang='lat' dir='ltr'><strong>redicha</strong></span> <span class='ocrx_word' id='word_1_310' title='bbox 379 4802 419 4862; x_wconf 90' lang='lat' dir='ltr'><strong>ad</strong></span> <span class='ocrx_word' id='word_1_311' title='bbox 443 4821 555 4884; x_wconf 90' lang='lat' dir='ltr'><strong>pacem</strong></span> <span class='ocrx_word' id='word_1_312' title='bbox 578 4816 624 4865; x_wconf 86' lang='lat' dir='ltr'><strong>est</strong></span> <span class='ocrx_word' id='word_1_313' title='bbox 648 4801 689 4863; x_wconf 90' lang='lat' dir='ltr'><strong>ad</strong></span> <span class='ocrx_word' id='word_1_314' title='bbox 711 4815 785 4864; x_wconf 93' lang='lat' dir='ltr'><strong>octo</strong></span> <span class='ocrx_word' id='word_1_315' title='bbox 808 4801 877 4862; x_wconf 85' lang='lat' dir='ltr'><strong>dies</strong></span> <span class='ocrx_word' id='word_1_316' title='bbox 900 4815 1081 4883; x_wconf 90' lang='lat' dir='ltr'><strong>prorogata.</strong></span> 
     </span>
    </p>
   </div>
   <div class='ocr_carea' id='block_1_6' title="bbox 0 0 1748 5250">
    <p class='ocr_par' dir='ltr' id='par_1_17' title="bbox 0 0 1748 5250">
     <span class='ocr_line' id='line_1_41' title="bbox 0 0 1748 5250; baseline 0 1"><span class='ocrx_word' id='word_1_317' title='bbox 0 0 1748 5250; x_wconf 95' lang='lat' dir='ltr'><strong> </strong></span> 
     </span>
    </p>
   </div>
  </div>
 </body>
</html>
