3488 5250
621 361 707 416 Anno
729 371 813 434 1357.
840 394 883 401 -
907 359 959 418 28.
983 360 1100 434 aprilis.
1443 364 1484 444 87

332 568 410 628 Item
441 568 572 648 Drugen
604 582 712 628 contra
745 568 919 629 Martinum
951 568 1119 652 Wlkouoy
1150 571 1255 652 primo
1289 571 1401 632 citatus
1425 592 1490 634 non

227 674 416 754 comparuit.

334 778 409 839 Item
437 779 548 840 Petrus
580 777 664 840 filius
698 778 815 840 Donati
848 793 957 840 contra
991 780 1169 841 lohannem
1204 781 1346 842 secundo
1379 782 1492 843 citatus

226 903 292 945 non
317 885 506 966 comparuit.

334 990 410 1051 ltem
436 990 540 1071 primo
565 989 685 1068 judicio
709 991 748 1051 N.
766 990 892 1051 Kordar
917 1005 1026 1051 contra
1045 991 1211 1052 Mortonos
1235 992 1416 1054 sellatorem
1435 1013 1492 1073 per

227 1096 369 1177 Endrey‚
395 1095 585 1157 Michaelem
609 1110 751 1157 sutorem
783 1111 813 1156 et
837 1096 998 1156 Andream
1031 1115 1126 1177 super
1159 1097 1324 1179 vituperiis
1347 1100 1490 1160 testimo·

226 1201 316 1263 nium
341 1201 517 1282 producere
541 1215 677 1264 tenetur.

333 1307 410 1366 ltem
435 1307 539 1388 primo
564 1306 683 1367 iudicio
710 1307 794 1367 idem
817 1307 983 1368 Mortonos
1006 1307 1137 1368 sellator
1153 1322 1262 1369 contra
1288 1308 1408 1369 dictum
1434 1309 1491 1369 Ni·

228 1412 354 1473 colaum
377 1431 472 1493 super
486 1411 648 1492 quandam
667 1412 905 1492 obligacionem
925 1432 1014 1473 suam
1044 1412 1126 1473 inter
1150 1413 1236 1494 ipsos
1260 1433 1316 1496 per
1333 1413 1378 1475 St.
1405 1414 1489 1475 Lou-

228 1517 330 1595 randi‚
355 1517 518 1577 Andream
542 1531 573 1578 et
596 1517 730 1578 tercium
755 1518 975 1578 testimonium
1000 1517 1177 1599 producere
1202 1532 1337 1581 tenetur.

334 1623 410 1683 Item
436 1623 561 1682 Marcus
586 1623 741 1684 Boniolus
764 1637 873 1683 contra
897 1642 987 1683 suam
1012 1624 1225 1684 concubinam
1251 1624 1356 1705 primo
1377 1624 1491 1685 citatus

229 1747 294 1788 non
319 1728 507 1808 comparuit.

334 1833 411 1894 ltem
438 1832 546 1894 Gurak
571 1848 601 1894 et
625 1833 793 1916 Philippus
824 1849 933 1896 contra
966 1835 1136 1896 Nicolaum
1169 1836 1274 1916 primo
1292 1816 1392 1897 ’citati
1425 1856 1490 1897 non

226 1953 485 2020 comparuerunt.

332 2045 409 2105 ltem
436 2044 542 2106 Petres
558 2045 677 2126 loripes
694 2060 803 2106 contra
821 2045 925 2105 Eliam
942 2045 1065 2106 scundo
1087 2046 1200 2107 citatus
1217 2065 1282 2106 non
1300 2046 1491 2127 comparuit.

331 2150 409 2210 ltem
435 2149 479 2211 St.
505 2150 622 2210 Zauala
655 2165 763 2211 contra
797 2151 965 2211 Nicolaum
999 2150 1103 2232 primo
1136 2150 1256 2212 iudicio
1289 2165 1413 2212 tenetur
1442 2170 1490 2211 re-

227 2252 396 2335 spondere.

333 2360 410 2421 ltem
436 2360 585 2441 Dragoua
611 2375 699 2422 sutor
723 2360 801 2422 ieria
833 2376 919 2422 sexta
942 2361 1088 2442 proxima
1112 2375 1221 2423 contra
1244 2363 1284 2424 N.
1309 2361 1411 2423 filium
1436 2363 1490 2423 Ju-

227 2465 325 2546 rizlay
351 2465 381 2525 in
408 2464 492 2527 facto
516 2467 731 2546 percussionis
756 2486 828 2527 cum
853 2486 964 2547 pugnu
994 2467 1025 2527 in
1049 2481 1158 2546 guttur
1182 2466 1262 2528 facte
1287 2482 1317 2529 et
1341 2468 1490 2549 vituperii

226 2589 282 2649 per
306 2570 485 2632 lohannem
510 2586 651 2633 sutorem
665 2585 695 2632 et
712 2572 812 2634 alium
836 2572 1016 2634 iohannem
1033 2591 1188 2653 generum
1207 2572 1373 2634 Benchech
1404 2573 1490 2635 testi·

227 2676 372 2736 monium
399 2677 574 2757 producere
598 2691 733 2739 tenetur.

332 2782 409 2842 ltem
442 2783 594 2843 Nicolaus
623 2782 707 2844 filius
739 2783 865 2863 Bologh
897 2797 1006 2844 contra
1042 2783 1218 2844 l‘rancham
1243 2783 1283 2843 ad
1316 2797 1388 2844 octo
1421 2783 1489 2844 dies

226 2888 346 2967 recepit
370 2888 542 2948 terminum
567 2889 605 2950 ad
631 2889 902 2970 respondendum.

333 2994 410 3054 ltem
426 2994 581 3055 Martinus
597 3014 726 3055 mosnar
743 3009 852 3056 contra
871 2995 909 3055 N.
926 2995 1068 3055 secundo
1085 2995 1198 3056 citatus
1215 3012 1280 3055 non
1298 2994 1487 3074 comparuit.

332 3098 409 3159 ltem
437 3093 592 3160 Martinus
616 3098 700 3161 filius
724 3100 892 3182 Wlkouoy
924 3114 1033 3160 contra
1059 3098 1236 3161 Francham
1261 3099 1300 3160 ad
1325 3114 1398 3160 octo
1423 3099 1490 3160 dies

226 3204 345 3285 recepit
369 3205 541 3265 terminum
567 3205 606 3265 ad
635 3204 908 3288 respondendum.

332 3311 409 3371 ltem
433 3311 538 3391 primo
563 3311 683 3372 iudicio
708 3312 844 3372 Volinus
868 3311 970 3371 Zmok
999 3330 1055 3392 per
1079 3311 1223 3392 Spanum
1248 3322 1278 3370 et
1303 3310 1488 3371 Prenurium

226 3430 335 3476 contra
362 3416 534 3477 Martinum
559 3416 660 3478 filium
687 3417 853 3498 Vl'lkouoy
883 3436 978 3498 super
1001 3417 1141 3497 quadam
1173 3415 1379 3477 fideiussione
1402 3416 1489 3477 testi·

226 3523 373 3583 monium
398 3523 574 3604 producere
598 3537 734 3584 tenetur.

332 3628 407 3688 ltem
431 3628 540 3690 Petrus
563 3628 674 3689 Touth
691 3643 800 3690 contra
822 3628 940 3690 Finech
959 3628 1062 3710 primo
1080 3627 1193 3688 citatus
1217 3646 1282 3688 non
1299 3627 1488 3707 comparuit.

333 3733 408 3794 ltem
434 3734 565 3795 domina
591 3735 688 3796 Lucia
712 3754 829 3815 sponsa
847 3734 964 3795 Donati
989 3748 1100 3795 contra
1123 3733 1261 3793 eundem
1286 3732 1442 3793 similiter.

332 3839 408 3900 ltem
434 3838 591 3921 Phillipus
614 3839 698 3901 filius
722 3840 847 3900 Ztoiani
880 3859 982 3920 usque
1013 3839 1072 3899 XV
1097 3837 1165 3899 dies
1196 3851 1320 3898 tenetur
1350 3838 1424 3898 dare
1449 3837 1487 3897 lll

225 3944 360 4005 cubulos
383 3945 463 4004 milii
490 3959 519 4006 et
544 3946 568 4006 ll
595 3944 745 4006 frumenti
772 3946 918 4006 Petren0.

331 4051 407 4110 ltem
433 4071 526 4111 causa
550 4071 613 4132 que
631 4053 762 4112 vertitur
779 4052 860 4112 inter
883 4050 926 4112 St.
944 4050 1028 4111 tular
1053 4064 1083 4110 et
1107 4050 1288 4110 iohannem
1314 4049 1429 4129 Koyne
1447 4046 1488 4109 ad

225 4170 297 4216 octo
323 4156 390 4216 dies
414 4171 460 4217 est
485 4171 609 4238 recepta
633 4158 673 4217 ad
698 4176 820 4238 pacem.

333 4262 408 4321 ltem
426 4262 550 4322 Blasius
574 4276 682 4323 contra
709 4262 917 4323 Lourandum
941 4261 1045 4343 primo
1074 4260 1189 4322 citatus
1214 4279 1277 4320 non
1299 4259 1488 4339 comparuit.

332 4368 408 4427 ltem
433 4373 526 4428 Anna
551 4366 615 4428 filia
640 4368 785 4429 Absurch
818 4380 928 4428 contra
952 4367 1122 4428 Nicolaum
1148 4365 1313 4427 Benedicti
1346 4364 1488 4424 secundo

226 4473 318 4533 citata
341 4493 405 4533 nou
429 4475 617 4555 comparuit.

332 4579 409 4640 ltem
434 4579 511 4639 Wllr
529 4579 766 4641 molendinator
790 4594 899 4640 contra
917 4578 1102 4641 Gabrielem
1119 4577 1261 4638 secundo
1285 4575 1398 4635 citatus
1422 4592 1487 4635 non

226 4686 415 4765 comparuit.

331 4789 408 4850 ltem
434 4791 507 4851 Kun
533 4804 641 4851 contra
666 4790 830 4851 Andream
855 4790 996 4850 secundo
1021 4789 1134 4850 citatus
1164 4807 1229 4849 non
1254 4787 1442 4867 comparuit.
