3488 5250
267 326 327 385 ¹94
644 307 729 364 Anno
751 304 843 382 1360.
870 340 910 350 -
934 321 965 383 4.
993 305 1155 367 decembris.

366 516 531 577 Additum:
544 520 662 577 Actum
679 517 711 577 in
728 516 837 597 vigilia
855 517 939 578 beati
959 517 1087 577 Martini
1105 516 1306 579 confessoris.
1323 518 1418 596 Nota,
1436 517 1525 598 quod

262 641 336 684 cum
359 623 418 683 sub
443 641 528 683 anno
553 622 676 683 domini
703 621 896 700 MCCCLX,
920 623 1016 684 tercia
1038 621 1115 684 feria
1139 623 1285 706 proxima
1309 637 1382 684 ante
1409 621 1525 684 festum

262 727 429 788 beatorum
455 727 606 809 Symonis
629 741 660 789 et
676 728 757 789 Jude
774 728 1006 809 apostolorum,
1030 728 1141 789 Petrus
1162 727 1248 790 filius
1272 728 1426 790 Valterini
1452 747 1525 790 cum

261 852 318 894 sua
341 830 504 913 ‘genitrice
540 832 580 893 ad
616 847 757 895 nostram
788 833 998 915 personaliter
1029 833 1233 895 accessissent
1266 835 1464 916 presenciam
1496 847 1528 895 et

261 951 370 999 contra
395 939 472 999 luan
496 937 598 999 filium
632 938 802 1019 Dragozlai
835 957 913 1000 voce
946 938 1115 1000 lacrimosa
1146 939 1251 1000 taliter
1274 939 1525 1021 proposuissent,

262 1043 350 1124 quod
374 1044 441 1126 ipse
464 1044 541 1104 Iuan
568 1042 768 1125 Mychaelem
793 1041 896 1104 filiurn
926 1044 1002 1105 dicti
1028 1043 1192 1122 Valteriui‚
1225 1043 1354 1106 fratrem
1380 1024 1525 1105 eiusdem

262 1151 358 1228 Petri,
382 1149 553 1211 crudeliter
585 1149 804 1228 interemisset,
838 1164 869 1210 et
899 1148 973 1210 ideo
1006 1150 1081 1230 quia
1106 1151 1192 1211 idem
1222 1151 1300 1211 Iuan
1335 1151 1374 1211 de
1399 1150 1524 1211 civitate

260 1270 368 1318 nostra
392 1256 542 1333 exiverat,
567 1255 672 1337 ipsum
696 1255 736 1316 ad
760 1255 917 1316 iusticiam
935 1255 1041 1316 vocari
1060 1255 1276 1337 postulabant.
1301 1257 1449 1336 Cumque
1467 1273 1525 1315 nos

261 1360 367 1443 ipsum
391 1360 519 1421 racione
544 1360 656 1421 mortis
680 1358 856 1442 Mychaelis
888 1360 1034 1442 predicti,
1062 1373 1094 1421 et
1127 1359 1305 1441 Georgium
1331 1359 1434 1421 filium
1458 1359 1526 1419 eius

261 1481 371 1528 contra
394 1465 557 1527 Andream
583 1463 685 1526 filium
710 1464 823 1526 Pulani
857 1479 887 1526 et
909 1465 1029 1527 Trosth
1054 1466 1221 1527 occasione
1253 1465 1364 1527 mortis
1387 1464 1525 1526 Arnoldi

261 1571 319 1634 filii
345 1571 485 1634 Gracioli
510 1570 550 1632 ad
574 1584 753 1653 presentem
778 1571 921 1652 vigiliam
952 1570 1022 1633 festi
1048 1572 1131 1633 beati
1164 1572 1292 1632 Martini
1324 1571 1452 1652 publice
1484 1570 1525 1632 ad

262 1678 419 1740 iusticiam
444 1697 676 1756 evocassemus,
701 1677 798 1739 iidem
823 1678 900 1738 Iuan
932 1692 963 1738 et
988 1676 1147 1758 Georgius
1180 1678 1248 1738 eius
1272 1676 1356 1738 filius
1379 1696 1445 1738 non
1471 1697 1523 1739 ve-

239 1799 389 1846 'nerunt

287 2002 383 2085 Nota,
413 2003 499 2092 quod
524 2002 688 2089 judicium
718 2000 846 2072 iactum
876 2003 909 2070 in
937 2000 1024 2071 [esto
1053 2000 1148 2072 beate
1177 2000 1325 2072 Barbare
1353 2003 1497 2090 virginis

773 2130 808 2194 et
835 2125 999 2195 martiris.

770 2275 813 2352 (4.
835 2275 1012 2349 decembris).

366 2434 444 2494 Item
480 2431 587 2493 Endre
617 2431 748 2491 maritus
780 2430 893 2491 Ztarke
918 2444 1027 2492 contra
1060 2430 1236 2511 Georgium
1269 2430 1371 2493 filium
1404 2431 1522 2494 Genini

259 2541 364 2622 primo
398 2539 512 2599 citatus
534 2557 601 2598 non
625 2536 722 2598 venit.

365 2644 443 2706 item
467 2643 592 2704 Blasius
616 2641 719 2702 dictus
735 2641 937 2703 Bremennak
961 2656 1070 2703 contra
1088 2643 1256 2705 Simonem
1278 2661 1433 2723 generum
1450 2644 1523 2705 Zta-

260 2749 341 2812 nech
364 2749 469 2831 primo
493 2748 606 2809 citatus
630 2765 695 2808 non
720 2746 816 2808 venit.

365 2856 444 2916 Item
469 2852 629 2934 Georgius
652 2851 737 2929 filius
767 2850 907 2934 Gyanini
941 2867 1051 2915 contra
1075 2854 1289 2915 Laurencium
1320 2853 1521 2915 venditorem

261 2961 326 3024 feni
351 2962 384 3022 in
407 2960 528 3021 octavis
552 2956 787 3039 perhemptorie
812 2957 1004 3039 respondere
1028 2971 1164 3020 tenetur.

338 3065 445 3126 'Item
478 3064 630 3124 Nicolaus
662 3076 771 3123 contra
805 3063 891 3124 lwan
922 3065 1157 3145 carpentarium
1189 3063 1377 3125 secundario
1410 3064 1523 3126 citatus

260 3192 325 3234 non
350 3171 446 3231 venit.

367 3276 444 3336 item
468 3274 577 3335 relicta
602 3272 766 3335 Benedicti
784 3288 893 3334 contra
917 3274 1059 3336 relictam
1076 3275 1196 3336 Vrbani
1214 3275 1402 3335 secundario
1427 3275 1521 3336 citata

261 3401 327 3443 non
351 3380 448 3440 venit.

366 3485 443 3545 item
468 3485 550 3544 Kata
582 3485 690 3546 relicta
722 3485 852 3547 Kuzech
886 3498 994 3546 contra
1031 3486 1169 3546 lwanam
1204 3485 1392 3547 secundario
1428 3487 1521 3548 citata

260 3611 326 3653 non
351 3589 447 3651 venit.

364 3696 443 3756 item
467 3694 627 3755 iohannes
650 3709 751 3757 sartor
767 3709 876 3758 contra
899 3695 1062 3756 Andream
1083 3697 1115 3757 in
1140 3696 1260 3757 octavis
1284 3696 1520 3778 perhemptorie

260 3799 453 3881 respondere
477 3814 612 3862 tenetur.

365 3905 443 3966 Item
467 3925 560 3966 causa
584 3907 667 3967 iwan
694 3906 845 3986 Preztrug
869 3921 900 3969 et
917 3907 1000 3969 Petri
1026 3906 1202 3968 venditoris
1224 3907 1298 3967 salis
1322 3907 1362 3967 ad
1387 3907 1520 3989 peticio-

260 4028 334 4070 nem
357 4009 462 4086 Endre
486 4009 542 4071 filii
568 4012 688 4073 Mateas
711 4011 752 4072 ad
776 4027 903 4072 octavas
926 4013 965 4073 ad
990 4031 1101 4093 pacem
1126 4026 1173 4072 est
1195 4026 1376 4093 prorogata.

366 4115 442 4175 item
467 4116 574 4177 relicta
599 4117 728 4178 Absorti
762 4132 871 4178 contra
896 4118 1074 4179 Fabianum
1106 4136 1261 4197 generum
1292 4117 1443 4178 suumin
1467 4137 1520 4178 oc·

258 4219 340 4280 tavis
362 4220 501 4282 secunda
524 4242 557 4283 se
581 4222 640 4283 sibi
664 4222 761 4283 simili
785 4237 1018 4283 sacramentum
1040 4236 1179 4304 prestare
1202 4236 1328 4284 tenetur
1351 4242 1446 4304 super
1469 4242 1519 4300 eo,

260 4324 349 4404 quod
372 4325 439 4407 ipsa
463 4328 616 4389 tredecim
647 4347 760 4410 pensas
792 4327 897 4388 eidem
930 4329 1074 4389 Fabiano
1110 4347 1149 4389 eo
1182 4328 1280 4389 modo
1312 4328 1461 4407 dedisset,
1486 4342 1522 4389 ut

261 4429 328 4510 ipse
352 4450 425 4492 cum
448 4432 524 4494 vino
547 4453 605 4494 suo
630 4434 713 4514 ipsas
736 4433 888 4494 tredecim
917 4453 1031 4515 pensas
1055 4434 1161 4495 eidem
1185 4434 1315 4494 domine
1339 4434 1520 4516 persolvere

260 4547 430 4600 teneretur.

258 4673 275 4680 ι’
366 4640 443 4702 ltem
467 4642 500 4703 iu
524 4642 644 4704 octavis
667 4642 766 4703 Trost
789 4640 879 4703 faber
906 4640 1023 4723 jurabit
1045 4662 1142 4724 super
1172 4663 1222 4721 eo,
1246 4645 1335 4724 quod
1358 4643 1521 4707 iohannes

258 4758 387 4824 parator
396 4744 559 4809 frenorum
576 4767 633 4829 pro
650 4747 745 4809 Petro
761 4761 877 4829 nepote
893 4766 964 4825 suo,
980 4747 1040 4829 ipsi
1058 4747 1156 4810 Trost
1173 4746 1340 4810 fideiussor
1355 4750 1524 4816 extitisset.
