3488 5250
638 324 724 381 Anno
749 335 836 399 1355.
861 357 903 365 -
929 319 959 381 ό.
985 321 1099 381 martti.
1484 339 1498 397 5

237 430 346 438 ..-.-.

344 532 420 594 Item
447 533 591 595 Francha
607 547 733 595 tenetur
756 533 808 593 die
832 546 947 594 octavo
971 533 1164 613 respondere
1185 544 1294 592 contra
1311 532 1501 593 Marketum.

342 639 421 702 Item
445 641 585 702 Brumen
611 655 720 702 contra
745 639 884 701 eundem
918 639 1098 700 Marketum
1130 637 1232 719 prima
1256 637 1412 698 citaciooe
1435 654 1501 697 non

239 747 428 827 comparuit.

342 853 419 914 item
445 854 614 915 Barberius
638 868 746 915 contra
774 851 936 913 Andream
961 850 1012 913 die
1040 866 1153 913 octavo
1179 852 1274 913 debet
1296 849 1502 930 respondere.

343 958 420 1020 Item
453 959 541 1021 Elias
575 974 683 1022 contra
708 958 748 1023 G.
773 958 875 1020 filium
907 959 984 1020 Suik
1017 959 1069 1020 die
1101 972 1215 1020 octavo
1247 959 1342 1020 debet
1372 974 1503 1038 respon·

237 1064 311 1125 dere
333 1064 585 1146 perhemptorie.

344 1170 423 1231 Item
447 1169 592 1233 Thomas
617 1184 727 1262 contra
751 1169 890 1231 lwanam
915 1170 1083 1232 mulierem
1101 1170 1153 1232 die
1178 1183 1292 1232 octavo
1317 1169 1413 1230 debet
1429 1186 1502 1250 pro·

241 1276 315 1336 bare
340 1294 411 1337 cum
439 1275 582 1337 Francha
606 1296 700 1358 super
724 1275 807 1337 facto
831 1276 991 1357 vituperii.

344 1381 422 1441 Item
447 1400 526 1442 uxor
560 1381 686 1442 Anslini
717 1380 911 1463 Crupichich
941 1381 993 1441 die
1017 1396 1131 1443 octavo
1165 1381 1260 1443 debet
1283 1381 1502 1442 testimonium

236 1486 415 1568 producere
432 1506 505 1548 cum
526 1487 656 1547 domina
673 1500 820 1548 consorte
837 1488 863 1548 J.
881 1487 1009 1547 sartoris
1025 1500 1135 1547 contra
1154 1487 1316 1567 quandam
1333 1485 1502 1548 mulierem

238 1611 334 1673 super
367 1590 450 1653 facto
487 1593 701 1674 percussionis
731 1605 762 1653 et
791 1611 889 1653 uxore
923 1590 1059 1672 Copun3
1092 1593 1167 1652 item
1201 1612 1273 1654 cum
1304 1590 1371 1652 filio
1405 1590 1502 1653 Cuet-

238 1697 330 1757 konis
362 1711 393 1758 et
417 1716 515 1758 uxore
542 1717 597 1759 sua
622 1697 769 1758 similiter
801 1695 1003 1778 superfacto
1035 1697 1249 1778 percussionis
1279 1712 1387 1758 contra
1414 1696 1501 1760 oret.

344 1802 422 1863 Item
446 1803 559 1863 Zlatna
590 1816 699 1864 contra
729 1802 872 1864 Blasium
902 1802 1004 1882 prima
1037 1800 1192 1863 citaciooe
1223 1822 1287 1863 non
1313 1803 1502 1884 comparuit.

344 1906 421 1968 Item
447 1908 602 1970 Nicolaus
628 1908 802 1988 Hungarus
833 1923 942 1969 contra
972 1908 1134 1989 quandam
1168 1909 1335 1970 mulierem
1364 1906 1503 1969 secunda

242 2012 399 2074 citacione
423 2033 488 2074 non
513 2015 701 2095 comparuit.

344 2119 422 2179 ltem
447 2120 575 2181 Kusech
599 2117 760 2180 aurifaber
775 2133 883 2181 contra
906 2120 945 2179 N.
970 2118 1114 2180 Pezdech
1131 2119 1233 2200 prima
1257 2118 1412 2179 citaciooe
1436 2137 1502 2180 non

240 2224 429 2304 comparuit.

344 2329 421 2391 Item
446 2331 485 2391 N.
503 2331 576 2392 Zirk
590 2344 698 2392 contra
717 2332 744 2391 J.
771 2345 923 2392 sartorem
939 2331 1041 2412 prima
1058 2329 1212 2391 citacione
1230 2349 1294 2389 non
1314 2328 1502 2409 comparuit.

346 2435 424 2496 item
449 2436 666 2497 Lancholotus
689 2436 741 2497 die
765 2449 879 2497 octavo
904 2450 1011 2497 contra
1036 2437 1063 2497 J.
1087 2449 1213 2496 tenetur
1237 2434 1439 2515 respondere.

344 2543 422 2603 ltem
447 2562 541 2603 causa
566 2544 730 2604 Martonos
746 2543 903 2624 selliparis
925 2556 955 2603 et
979 2543 1018 2604 N.
1037 2543 1162 2604 Cordar
1185 2542 1223 2603 ad
1242 2541 1328 2602 diem
1353 2556 1501 2602 octavum

239 2647 279 2708 ad
305 2667 417 2728 pacem
440 2661 487 2708 est
511 2661 690 2729 prorogata.

345 2754 422 2813 item
451 2754 491 2814 de
528 2753 611 2815 facto
648 2754 814 2815 cuiusdam
847 2753 953 2815 calicis
983 2754 1064 2814 inter
1095 2752 1269 2830 Thomam,
1300 2750 1401 2813 filium
1434 2752 1502 2813 Ste-

239 2858 348 2940 phani,
373 2859 551 2940 Georgium
575 2860 773 2920 sacerdotem
791 2871 821 2920 et
845 2859 926 2920 inter
943 2859 1120 2920 Marketum
1139 2856 1335 2919 aurifabrum
1353 2857 1392 2918 ad
1410 2857 1502 2938 quin-

241 2963 339 3025 denas
364 2979 409 3025 est
435 2981 604 3046 prorogata
622 2965 661 3026 ad
680 2964 957 3026 determinandam
981 2983 1074 3026 cause
1099 2962 1228 3025 finalem
1252 2963 1458 3024 decisionem.

346 3071 422 3131 Jtem
437 3068 597 3151 Georgius
614 3085 723 3132 contra
741 3069 939 3151 Stephanum
952 3071 1052 3151 prima
1067 3069 1222 3131 citaciooe
1234 3088 1299 3131 non
1313 3069 1502 3149 comparuit.

345 3176 422 3236 Item
448 3177 612 3237 Martonos
635 3192 723 3237 sutor
746 3190 855 3237 contra
873 3176 1056 3237 Dionisium
1078 3176 1276 3237 sacerdotem
1301 3174 1403 3256 prima
1427 3174 1503 3235 cita-

241 3282 333 3342 cione
358 3301 422 3342 non
449 3284 637 3363 comparuit.

346 3386 422 3447 Item
453 3386 563 3449 Obrad
593 3402 701 3449 contra
732 3387 906 3448 Martinum
938 3386 1116 3447 institorem
1146 3386 1198 3448 die
1228 3402 1342 3448 octavo
1377 3402 1503 3448 tenetur

242 3494 446 3574 respondere.

347 3599 423 3661 Jtem
441 3600 579 3661 Jacobus
595 3600 797 3681 apotekarius
821 3615 851 3660 et
871 3598 1014 3659 chhecb
1032 3612 1141 3661 contra
1158 3600 1313 3660 Jacobum
1331 3597 1502 3679 pellificem

239 3704 378 3767 secunda
395 3705 548 3766 citacione
572 3725 636 3766 non
662 3718 919 3786 comparuerunt.

347 3811 423 3871 Jtem
448 3809 535 3872 lwan
560 3811 689 3893 sellipar
717 3826 826 3872 contra
856 3810 1094 3871 Lancholotum
1123 3810 1224 3890 prima
1254 3810 1410 3870 citaciooe
1435 3828 1501 3870 non

241 3918 430 3997 comparuit.

346 4022 422 4084 Jtcm
448 4024 583 4104 Egidius
606 4022 736 4106 pellifex
761 4038 870 4084 contra
895 4024 922 4083 J.
947 4021 1146 4082 sacerdotem
1171 4021 1222 4081 die
1247 4035 1361 4082 octavo
1377 4034 1502 4082 tenetur

239 4129 476 4210 perhemptorie
505 4131 708 4211 respondere.

348 4236 425 4296 Item
461 4236 600 4297 Munech
632 4251 740 4297 contra
779 4236 847 4296 Kus
883 4233 1062 4296 carnificem
1106 4234 1208 4316 prima
1245 4233 1400 4294 citaciooe
1436 4252 1501 4294 non

241 4343 428 4423 comparuit.

347 4449 424 4509 item
449 4448 535 4509 lwan
560 4449 670 4509 Plizna
702 4462 809 4509 contra
835 4448 868 4507 P.
895 4446 996 4508 filium
1024 4446 1143 4507 Mathie
1175 4447 1314 4507 secunda
1346 4446 1501 4507 citacione

239 4574 305 4614 non
329 4555 518 4635 comparuit.

347 4658 423 4720 Item
457 4661 531 4740 quia
564 4660 719 4720 Martinus
751 4658 834 4721 filius
867 4657 1023 4719 Anthonii
1053 4657 1169 4737 juravit
1192 4676 1287 4737 super
1311 4656 1381 4733 hoc,
1413 4655 1501 4736 quod

241 4764 411 4826 Barbetius
444 4784 482 4826 eo
514 4778 659 4846 tempore
690 4766 821 4846 quando
851 4765 1009 4825 scrineum
1042 4783 1135 4825 suum
1172 4763 1301 4824 domine
1334 4761 1501 4823 Elizabeth
