3488 5250
606 357 693 414 Anno
715 324 804 432 136).
828 392 872 400 —
890 370 925 432 5.
950 359 1126 426 novembris.
1437 377 1497 438 233

343 566 421 628 Item
447 567 643 628 Laurencius
674 581 784 629 contra
808 568 951 629 relictam
978 567 1141 630 Steruiche
1165 569 1270 650 primo
1295 547 1408 631 citatus
1434 589 1499 630 uon

238 672 425 753 comparuit.

342 777 419 838 Item
454 778 609 839 Martinus
642 779 766 860 Reyniz
802 779 945 840 relictam
979 779 1097 861 Loytre
1128 780 1212 841 Petri
1254 780 1285 840 in
1321 779 1500 859 juramento

239 884 326 964 quod
350 900 488 967 prestare
513 885 652 947 debebat
675 899 785 948 contra
810 905 884 947 eum
909 905 967 968 pro
993 886 1123 947 innoxia
1147 886 1277 948 dimisit.

342 991 421 1052 Item
445 991 590 1053 Andreas
615 1005 723 1053 contra
745 991 925 1053 Iohannem
944 991 1112 1053 Laurencii
1129 991 1169 1053 ad
1194 1006 1267 1053 octo
1292 992 1360 1053 dies
1381 993 1502 1074 recepit

236 1098 409 1159 terminum
435 1098 474 1158 ad
499 1097 770 1179 respondendum.

342 1203 419 1265 Item
446 1205 548 1265 Fraua
573 1220 683 1266 contra
707 1203 843 1266 Jancech
868 1204 909 1266 ad
930 1217 1003 1266 octo
1028 1204 1096 1265 dies
1120 1204 1240 1286 recepit
1262 1205 1436 1265 terminum
1461 1202 1500 1264 ad
1535 1252 1538 1257 ,

236 1308 507 1391 respondendum.

342 1414 420 1475 Item
436 1428 550 1476 octavo
569 1414 621 1476 die
640 1415 751 1476 Banko
768 1416 991 1497 procuratorio
1007 1416 1139 1477 nomine
1159 1435 1218 1497 pro
1241 1416 1375 1477 Alberto
1392 1428 1501 1476 contra

238 1519 385 1581 Endrioli
409 1534 440 1582 et
463 1521 584 1583 Iuauko
609 1541 665 1603 per
689 1520 869 1583 Iohannem
892 1535 923 1582 et
948 1521 993 1583 St.
1019 1520 1138 1602 juratos
1160 1521 1382 1583 testimonium
1407 1540 1502 1603 super

237 1626 423 1688 verberibus
446 1627 623 1709 producere
647 1628 752 1689 debet.

342 1732 420 1794 Item
446 1732 547 1795 Cursa
571 1747 680 1794 contra
705 1734 793 1794 Bank
818 1733 1036 1815 procuratorie
1053 1732 1092 1794 ad
1117 1747 1190 1795 octo
1207 1732 1276 1794 dies
1299 1733 1418 1815 recepit
1441 1746 1501 1794 tet·

238 1837 363 1898 minum
386 1837 427 1899 ad
451 1838 724 1920 respondendum.

342 1943 420 2004 Item
445 1944 521 2005 Iuan
549 1943 748 2006 Chidaucich
781 1957 890 2005 contra
916 1942 1096 2006 Iohannem
1121 1944 1298 2005 Barbacum
1323 1944 1427 2026 primo
1459 1944 1501 2005 ci·

236 2061 320 2110 tatus
344 2068 410 2109 nou
434 2051 622 2132 comparuit.

342 2155 420 2216 Item
446 2175 539 2217 causa
564 2175 627 2237 que
653 2156 785 2217 vertitur
802 2157 885 2218 iuter
908 2161 1036 2219 Annam
1061 2171 1093 2218 et
1109 2156 1195 2218 Mike
1219 2155 1320 2216 estad
1345 2168 1417 2216 octo
1435 2154 1502 2214 dies

237 2258 277 2320 ad
300 2279 412 2342 pacem
436 2275 616 2343 prorogata.

342 2366 420 2428 Item
438 2366 548 2428 Punek
561 2369 703 2429 secundo
720 2369 832 2429 citatus
847 2382 956 2430 contra
973 2367 1072 2430 filiam
1090 2367 1218 2430 Lachen
1230 2385 1296 2427 non
1314 2366 1502 2448 comparuit.

342 2473 421 2534 Item
448 2473 554 2536 Herxa
579 2486 688 2535 contra
714 2474 841 2555 Dragen
874 2474 914 2535 ad
940 2475 1081 2556 primurn
1113 2473 1268 2535 iudicium
1300 2473 1418 2554 recepit
1442 2485 1502 2533 ter-

237 2578 361 2639 minum
387 2579 426 2639 ad
453 2580 725 2661 respondendum.

344 2685 421 2746 Item
446 2705 539 2746 causa
564 2685 720 2746 Iohannis
743 2687 926 2747 stacionarii
956 2699 1066 2749 contra
1090 2686 1129 2747 N.
1154 2685 1279 2747 Kordar
1303 2699 1350 2748 est
1373 2685 1502 2747 edocto

239 2789 306 2852 dies
329 2810 385 2872 per
409 2791 569 2853 Briccium
594 2791 635 2853 ad
659 2811 771 2873 pacem
796 2807 976 2875 prorogata.

342 2898 421 2959 Item
446 2918 539 2959 causa
564 2898 688 2959 Mareni
705 2900 763 2961 sub
788 2899 920 2981 pristiam
939 2898 1146 2961 fideiussione
1171 2913 1202 2960 et
1219 2897 1331 2960 famuli
1348 2898 1502 2961 Iohannis

238 2999 318 3064 fabri
343 3003 384 3064 ad
407 3004 547 3085 primum
573 3003 726 3065 Iudicium
752 3018 798 3064 est
821 3017 1002 3086 prorogata.

343 3109 420 3169 Item
447 3109 557 3170 luanin
592 3121 702 3170 contra
732 3110 876 3170 Marcum
908 3110 948 3171 ad
983 3124 1056 3170 octo
1087 3109 1155 3170 dies
1187 3109 1307 3191 recepit
1329 3110 1501 3170 termiuum

237 3212 277 3272 ad
302 3213 574 3295 respondendum.

342 3318 419 3380 Item
446 3333 560 3381 octavo
591 3320 643 3382 die
676 3320 752 3381 Iuan
784 3320 880 3400 judex
914 3320 1071 3383 famulum
1102 3340 1196 3382 suum
1228 3333 1338 3381 contra
1361 3318 1502 3381 Blasium

236 3439 373 3486 statuere
402 3425 506 3489 debet.

343 3531 420 3592 Item
445 3551 538 3592 causa
564 3533 682 3614 Mykus
699 3547 729 3594 et
753 3533 823 3594 Elie
841 3547 888 3595 est
909 3532 949 3594 ad
966 3547 1039 3594 octo
1056 3533 1124 3594 dies
1140 3532 1180 3593 ad
1197 3552 1308 3615 pacem
1323 3545 1502 3614 prorogata.

342 3637 420 3698 Itetn
445 3638 560 3720 Mykus
585 3650 695 3699 contra
720 3638 856 3700 Paulum
882 3639 1025 3700 secundo
1050 3639 1162 3701 citatus
1186 3657 1251 3698 uon
1270 3639 1458 3721 comparuit.

342 3742 420 3803 Item
428 3743 652 3805 Endrecontra
662 3744 836 3806 Martinum
851 3763 980 3806 mosnar
994 3745 1099 3827 primo
1114 3744 1298 3805 citatusnou
1309 3744 1498 3824 comparuit.

342 3848 419 3909 Item
438 3868 531 3910 causa
550 3850 646 3910 Blasii
660 3863 691 3910 et
706 3848 838 3931 Georgii
851 3865 897 3912 est
913 3850 954 3912 ad
969 3865 1042 3912 octo
1060 3850 1128 3912 dies
1143 3849 1182 3910 ad
1196 3869 1308 3931 pacem
1321 3865 1501 3931 prorogata.

343 3956 420 4017 Item
445 3956 477 4016 in
502 3957 622 4017 octavis
646 3954 723 4017 ferie
747 3957 843 4018 tercie
869 3955 1030 4038 Georgius
1055 3969 1165 4017 contra
1190 3954 1363 4038 Gyuugam
1379 3975 1503 4017 socram

238 4081 328 4122 suam
352 4081 409 4143 per
433 4062 550 4123 Nouko
581 4075 612 4122 et
636 4062 675 4123 N.
700 4061 869 4144 Zorpatich
902 4063 1123 4123 testImonium
1156 4081 1250 4143 super
1275 4081 1313 4122 eo
1337 4061 1502 4143 producet,

238 4166 325 4248 quod
350 4166 512 4247 quendam
537 4167 672 4228 vitulum
697 4168 757 4228 sibi
783 4167 922 4230 dedisset
946 4168 977 4229 in
1004 4167 1101 4229 dono.

344 4273 533 4353 Eodemque
559 4272 611 4334 die
640 4273 707 4356 ipsa
740 4272 878 4356 Gyunga
910 4287 1019 4335 contra
1053 4293 1205 4354 generum
1238 4292 1331 4334 suum
1356 4292 1412 4354 per
1436 4274 1502 4334 Ma·

238 4399 363 4458 renum,
388 4379 518 4461 Eodrey
535 4392 675 4440 sutorem
695 4393 725 4442 et
749 4378 850 4441 filium
870 4380 1088 4442 Obramkonis
1104 4379 1323 4440 testimonium
1349 4377 1504 4459 producet

237 4505 332 4568 super
356 4499 416 4563 eos
430 4499 464 4546 ut
488 4484 631 4565 quodam
656 4485 767 4547 vinum
792 4500 823 4546 et
847 4485 997 4548 denarios
1020 4486 1079 4546 sibi
1105 4498 1279 4546 mutuasset
1303 4498 1334 4545 et
1358 4484 1391 4545 iu
1415 4483 1503 4546 douo

238 4612 303 4654 non
328 4592 476 4653 dedisset.

344 4698 420 4759 Item
445 4717 538 4758 causa
563 4696 706 4777 magistri
732 4697 819 4759 scole
844 4710 875 4758 et
893 4699 989 4779 Myke
1011 4711 1057 4759 est
1081 4696 1121 4758 ad
1145 4710 1218 4759 octo
1243 4695 1310 4757 dies
1334 4695 1374 4756 ad
1391 4714 1502 4777 pacem

238 4818 417 4885 prorogata.
