3488 5250
609 325 811 406 Ann01360.
835 361 878 373 —
901 341 952 405 23.
967 329 1061 405 junii.
1407 347 1464 410 ¹75

308 538 388 600 Item
411 537 520 601 relicta
545 538 672 602 Nicolai
696 538 825 622 pistoris
852 551 961 601 contra
985 539 1133 601 Kaukam
1155 538 1262 622 primo
1282 538 1377 601 citata
1401 557 1466 600 non

202 643 396 727 comparuit.

308 749 387 812 Item
411 768 505 811 causa
537 768 601 832 que
633 749 766 812 vertitur
798 749 881 812 inter
908 748 1103 812 Christinam
1134 762 1166 811 et
1189 749 1401 833 Meynardum
1427 749 1467 812 ad

204 868 277 918 octo
302 855 370 917 dies
402 854 442 917 ad
474 855 680 919 concordiam
711 856 764 917 vel
795 854 835 917 ad
866 854 1062 918 relacionem
1094 855 1269 917 testimonii
1301 855 1390 938 prius
1412 874 1469 938 per

203 973 297 1024 testes
323 959 540 1044 infrascriptos
570 961 739 1042 testificati,
770 961 891 1025 scilicet
923 961 1061 1044 Mykech
1088 960 1146 1024 filii
1177 961 1333 1042 Francbe‚
1358 962 1466 1025 Jacobi

206 1067 282 1129 Kun
306 1079 337 1129 et
359 1067 462 1129 Pause
486 1078 533 1129 est
555 1080 736 1150 prorogata.

314 1172 392 1235 Item
416 1187 530 1236 octavo
554 1173 606 1236 die
631 1174 744 1236 Jakmo
770 1173 919 1256 quitquid
944 1173 976 1234 in
1002 1172 1135 1236 ecclesia
1159 1173 1243 1235 beati
1268 1173 1366 1235 Marci
1391 1172 1469 1236 reci·

204 1277 295 1360 piens
318 1278 358 1340 ad
382 1277 479 1341 fidem
497 1279 673 1363 dampnum
691 1279 752 1341 sibi
769 1279 853 1342 dicet
869 1277 966 1342 fuisse
987 1279 1113 1341 illatum
1130 1298 1188 1361 per
1203 1278 1306 1341 filium
1323 1277 1468 1359 Gonche,

206 1384 274 1467 ipse
297 1384 383 1446 filius
407 1383 542 1448 Gonche
565 1386 690 1448 solvere
711 1385 851 1466 debebit,
865 1386 947 1448 ultra
964 1398 1072 1447 tamen
1088 1385 1301 1466 quantitatem
1323 1384 1469 1467 quinque

205 1510 383 1552 marcarum
407 1510 474 1553 non
497 1491 615 1575 poterit
637 1491 698 1554 nisi
722 1490 815 1554 inira.

311 1596 389 1658 Item
414 1596 539 1659 Blasius
562 1597 747 1679 Iucifigulus
774 1609 884 1661 contra
907 1597 1121 1659 Wlkmanum
1144 1596 1250 1680 primo
1267 1595 1380 1659 citatus
1403 1616 1468 1659 non

206 1702 396 1783 comparuit.

311 1808 390 1870 Item
413 1810 563 1872 Marenus
585 1809 707 1892 juratus
725 1830 826 1894 usque
847 1809 1029 1893 quindenas
1043 1822 1171 1873 tenetur
1193 1808 1316 1870 solvere
1333 1809 1469 1871 Nicolao

207 1913 281 1975 Zirk
305 1914 344 1975 III
368 1935 483 1997 pensas
506 1916 613 1978 minus
635 1917 665 1978 X
689 1916 846 1979 denarios.

312 2019 391 2082 Item
415 2021 489 2084 licet
512 2022 627 2085 Koncb
650 2023 683 2084 in
707 2021 828 2104 judicio
851 2021 990 2105 presenti
1007 2033 1117 2084 contra
1140 2021 1304 2083 Andream
1328 2020 1469 2105 Philippi

206 2123 392 2189 huiusmodi
417 2125 486 2207 jura
516 2127 694 2211 producere
725 2128 884 2209 debebat„
905 2141 940 2190 ut
971 2126 1119 2189 videlicet
1151 2146 1183 2188 se
1212 2127 1317 2209 ipsum
1343 2140 1375 2189 et
1404 2132 1470 2189 An·

208 2230 316 2293 dream
342 2232 539 2295 antedictum
570 2234 765 2316 suspendere
795 2246 913 2318 posset,
943 2246 1050 2295 tamen
1081 2252 1147 2294 non
1177 2233 1264 2295 venit
1288 2252 1347 2297 nec
1371 2233 1468 2312 misit,

208 2356 306 2419 quare
331 2337 455 2401 dehoc
484 2339 590 2421 primo
620 2338 740 2422 judicio
772 2339 896 2403 iusticia
928 2339 1122 2424 inperciatur
1153 2337 1283 2400 Andree
1318 2351 1471 2401 annotato

207 2443 307 2527 ipsius
331 2464 368 2506 ex
391 2458 491 2528 parte.

270 2645 365 2731 Nota,
393 2647 481 2737 quod
510 2648 543 2718 in
572 2647 690 2736 vigilia
719 2648 913 2719 nativitatis
940 2646 1030 2719 beati
1058 2646 1223 2736 Jobannis
1251 2646 1409 2736 baptiste.

747 2812 811 2876 (25.
826 2799 933 2877 junii).

314 2937 422 3000 Primo
446 2937 555 3000 relicta
580 2937 745 3000 Sternicbe
770 2951 880 3001 contra
904 2957 1036 3000 uxorem
1062 2938 1170 2999 Patres
1186 2938 1340 3022 loripedis
1367 2939 1471 3021 primo

209 3045 302 3106 citata
326 3064 392 3107 non
416 3044 605 3126 comparuit.

316 3143 393 3213 Item
418 3152 549 3232 Zugaua
574 3162 683 3212 contra
703 3149 883 3212 Iohannem
907 3148 1010 3212 filium
1028 3150 1196 3212 Laurencii
1220 3151 1362 3214 secundo
1379 3153 1472 3214 citata

209 3277 275 3319 non
301 3257 490 3340 comparuit.

316 3364 394 3426 Item
419 3363 614 3447 Meynardus
638 3376 747 3426 contra
768 3362 910 3426 Cussech
930 3362 1034 3445 primo
1059 3362 1172 3424 citatus
1195 3381 1260 3424 nou
1284 3362 1472 3445 comparuit.

315 3470 393 3532 Item
418 3470 594 3533 Damianus
617 3485 649 3533 et
672 3470 839 3551 Draganus
862 3482 972 3531 contra
991 3468 1069 3530 Iuan
1093 3467 1274 3549 cirologum
1297 3468 1403 3549 primo
1428 3468 1473 3530 ci·

210 3577 265 3639 tati
290 3596 355 3638 non
380 3590 637 3659 comparuerunt.

316 3682 395 3746 Item
419 3684 557 3745 Iacobus
580 3696 611 3744 et
635 3681 788 3744 Clemens
812 3682 880 3743 eius
906 3680 992 3743 filius
1023 3693 1132 3742 contra
1157 3680 1200 3742 M.
1232 3678 1335 3741 filium
1359 3677 1473 3740 Hench

210 3789 314 3871 primo
339 3788 424 3850 citati
449 3808 515 3850 non
539 3799 798 3870 comparuerunt.

317 3895 396 3956 Item
428 3894 553 3956 Blasius
584 3893 767 3977 lucifigulus
798 3907 908 3955 contra
939 3892 1153 3955 Wlkmanum
1192 3888 1334 3952 secundo
1362 3888 1475 3951 citatus

211 4020 276 4061 non
301 4000 489 4082 comparuit.

316 4105 394 4167 Item
419 4104 544 4167 Malech
573 4117 683 4167 contra
707 4105 882 4167 Martinum
913 4105 1018 4187 primo
1050 4103 1164 4166 citatus
1195 4122 1261 4164 non
1284 4100 1474 4183 comparuit.

317 4211 394 4273 Item
431 4224 546 4274 octavo
581 4211 633 4273 die
669 4210 811 4273 Cussech
851 4210 1012 4273 aurifaber
1046 4222 1156 4272 contra
1199 4208 1384 4270 Lubancam
1419 4225 1475 4290 per

211 4317 357 4379 Jakmam
382 4330 413 4378 et
436 4337 570 4379 uxorem
595 4316 727 4399 Georgii
754 4317 835 4379 Juhe
859 4336 954 4400 super
978 4315 1182 4391 verberibua3

317 4423 395 4485 Item
420 4443 476 4505 per
500 4425 669 4485 Marenum
686 4423 824 4504 juratum
837 4436 869 4485 et
884 4441 1040 4505 generum
1059 4421 1226 4503 Radozlay
1242 4418 1369 4500 pistoris
1381 4438 1476 4500 super

212 4530 376 4613 vituperiis
399 4530 507 4591 uxoris
530 4528 586 4591 filii
612 4529 741 4592 Strosak
764 4529 985 4592 testimonium
1010 4527 1187 4612 producere
1211 4526 1316 4588 debat.

318 4636 396 4698 Item
421 4648 534 4698 octavo
559 4635 610 4697 die
635 4635 788 4698 Crisanus
811 4636 907 4698 Zolar
923 4649 1032 4697 contra
1057 4632 1220 4717 quandam
1232 4630 1402 4693 mulierem
1420 4648 1476 4711 per

212 4743 368 4805 Jacobum
391 4755 423 4805 et
447 4743 576 4804 Petrum
601 4743 696 4805 Zolar
720 4742 940 4804 testimonium
971 4740 1150 4825 producere
1174 4738 1270 4800 debet
1300 4756 1396 4819 super
1429 4737 1476 4798 In·

212 4849 442 4931 pignoracione
466 4849 679 4931 quarumdam
702 4847 908 4912 tunellarum.
