3488 5250
586 342 674 400 Anno
697 354 785 418 1359.
812 374 853 384 -
877 355 929 402 10.
951 342 1125 415 septembris.
1380 349 1390 368 ⁸
1427 362 1484 421 141

331 553 410 614 Item
434 553 546 614 Petrus
568 551 664 614 taslar
692 566 723 613 et
747 551 902 614 Mikliuus
933 567 1042 614 contra
1070 552 1200 613 Petrum
1224 550 1359 632 longum
1383 551 1490 633 primo

225 659 311 722 citati
335 677 400 720 non
426 670 683 740 comparuerunt.

331 765 409 826 Item
433 784 527 826 causa
552 783 615 846 que
634 764 766 826 vertitur
782 765 864 826 inter
881 764 1073 826 Michaelem
1089 776 1120 824 et
1137 763 1322 845 Dragonam
1345 776 1488 824 autorem

225 870 266 933 ad
289 884 363 933 octo
388 870 456 932 dies
479 871 520 932 ad
544 890 656 951 pacem
681 885 727 932 est
750 884 933 952 prorogata.

331 977 411 1038 Item
435 975 654 1038 Ferekouicha
678 989 788 1038 contra
813 977 958 1039 Marcum
971 976 1076 1058 primo
1093 975 1187 1036 citata
1211 994 1276 1036 non
1300 974 1492 1057 comparuit.

331 1083 410 1145 Item
436 1082 512 1144 Iuan
536 1082 676 1144 Plauech
708 1096 817 1144 contra
851 1082 982 1166 Mathey
1011 1082 1052 1143 ad
1085 1095 1158 1143 octo
1187 1081 1255 1143 dies
1286 1081 1406 1163 recepit
1429 1094 1491 1142 ter·

225 1188 351 1251 minum
375 1187 416 1249 ad
440 1187 712 1270 respondendum.

332 1294 411 1354 Item
435 1293 565 1376 Endrey
588 1292 673 1355 filius
697 1293 834 1356 Mathias
866 1308 976 1356 contra
1001 1294 1130 1355 Petrum
1155 1293 1277 1354 Prunar
1311 1292 1417 1374 primo
1449 1291 1491 1353 ci·

226 1411 310 1461 tatus
333 1419 398 1461 non
423 1400 613 1481 comparuit.

333 1506 411 1566 Item
436 1504 589 1567 Nicolaua
620 1504 705 1567 filius
736 1505 840 1586 Rolog
872 1518 982 1568 contra
1018 1505 1179 1567 Andream
1210 1502 1340 1566 fratrem
1370 1502 1493 1586 Geryni

227 1611 332 1692 primo
356 1611 468 1673 citatus
491 1629 558 1672 non
582 1611 771 1692 comparuit.

333 1716 412 1777 Item
437 1716 631 1799 Meynardus
655 1729 764 1778 contra
789 1736 924 1779 uxorem
948 1716 1129 1800 Dragozlay
1160 1717 1265 1798 primo
1288 1716 1403 1778 citatus
1426 1734 1494 1777 nou

228 1822 417 1904 comparuit.

334 1927 413 1989 Item
438 1946 533 1989 causa
557 1946 620 2009 que
643 1928 776 1989 vertitur
804 1928 887 1989 inter
917 1927 1062 1990 relictam
1095 1908 1312 1990 Me'kkocbren
1335 1939 1366 1987 et
1390 1926 1495 1987 luani-

229 2052 308 2094 num
333 2052 506 2115 preconem
530 2033 569 2093 ad
594 2046 667 2094 octo
693 2033 761 2093 dies
784 2033 824 2094 ad
849 2053 961 2115 pacem
986 2046 1033 2095 est
1056 2046 1238 2115 prorogata.

336 2139 413 2201 Item
449 2138 575 2200 Malech
610 2152 719 2200 contra
755 2140 911 2201 Jacobum
946 2139 1074 2200 Zirotka
1109 2138 1252 2200 secundo
1286 2137 1400 2200 citatus
1428 2156 1497 2198 non

230 2246 419 2327 comparuit.

336 2351 413 2413 Item
438 2370 619 2432 causaque
650 2352 783 2414 vertitur
814 2352 897 2413 iuter
921 2350 1085 2412 Thomam
1116 2369 1271 2430 magnum
1303 2362 1334 2412 et
1358 2348 1496 2411 Paulum

230 2469 372 2520 sutorem
395 2456 435 2518 ad
460 2471 533 2519 octo
557 2457 627 2517 dies
648 2457 689 2518 ad
713 2477 826 2539 pacem
850 2457 897 2520 est
920 2469 1102 2539 prorogata.

337 2563 415 2624 item
442 2581 536 2624 causa
567 2562 705 2624 racionis
736 2562 913 2645 posicionis
943 2563 1026 2624 inter
1057 2560 1294 2623 Lancholotum
1318 2573 1349 2622 et
1380 2559 1497 2621 Deme-

230 2668 328 2731 trium
353 2668 392 2729 ad
417 2682 492 2730 octo
516 2667 584 2729 dies
605 2682 652 2729 est
674 2682 846 2750 prorogata
871 2681 903 2730 et
930 2666 1081 2749 quitquid
1106 2667 1138 2728 in
1169 2666 1308 2728 racionis
1331 2665 1497 2748 posicione

233 2775 299 2856 ipse
323 2773 542 2836 Lancholotus
565 2774 728 2836 soluturus
751 2774 950 2850 remanserit,
974 2773 1099 2834 solvere
1124 2772 1265 2835 debebit.

339 2881 417 2941 item
441 2898 521 2941 uxor
539 2879 707 2962 Meynardi
724 2893 833 2941 contra
852 2878 959 2941 Lachk
977 2878 1081 2960 primo
1103 2878 1196 2940 citata
1218 2897 1283 2939 non
1308 2877 1498 2959 comparuit.

340 2985 418 3048 item
443 3005 537 3046 causa
562 3005 624 3066 que
648 2985 781 3046 vertitur
804 2985 887 3046 inter
908 2984 1067 3067 Kyrinum
1092 2998 1124 3048 et
1144 3003 1277 3046 uxorem
1301 2983 1434 3066 Vydech
1458 2983 1499 3045 ad

234 3105 308 3153 octo
335 3091 403 3152 dies
426 3091 467 3152 ad
492 3109 604 3172 pacem
628 3105 675 3152 est
698 3105 880 3173 prorogata.

339 3197 418 3258 item
443 3196 596 3259 Nicolaus
618 3195 704 3258 filius
726 3198 867 3258 Abraam
899 3211 1007 3259 contra
1032 3196 1206 3259 Nicolaum
1228 3197 1303 3257 Zirk
1326 3196 1433 3278 primo
1457 3195 1500 3256 ci·

234 3314 318 3364 tatus
342 3321 407 3364 non
436 3303 625 3385 comparuit.

342 3409 420 3470 item
445 3409 611 3470 Emericus
634 3407 780 3470 Kochich
805 3421 915 3470 contra
939 3408 1076 3470 Paulum
1100 3408 1255 3490 pictorem
1271 3407 1371 3469 tercio
1388 3407 1502 3469 citatus

199 3564 202 3570 .
236 3533 302 3577 non
327 3514 517 3596 comparuit.

343 3620 422 3682 item
447 3632 561 3681 octavo
586 3619 637 3680 die
660 3620 798 3681 Jacobus
823 3620 897 3681 Kun
930 3636 1040 3682 contra
1074 3618 1266 3682 Micheelem
1292 3618 1393 3682 Snffar
1414 3619 1502 3681 testi·

237 3724 385 3787 monium
409 3725 497 3807 quod
522 3725 639 3787 melius
662 3725 778 3808 poterit
802 3727 980 3807 producere
1012 3726 1143 3788 debebit
1166 3725 1255 3807 quod
1269 3724 1338 3786 VIII
1363 3724 1503 3786 florenos

238 3850 294 3913 per
318 3831 422 3912 ipsum
445 3830 635 3892 Michaelem
658 3831 718 3892 sibi
734 3832 835 3909 datos,
859 3832 892 3893 iu
916 3831 1062 3893 debitum
1085 3831 1174 3892 aliud
1198 3831 1352 3912 receperit
1376 3848 1442 3893 non
1469 3830 1502 3891 in

238 3936 500 4018 redempcionetn
524 3937 696 4019 pignorum
721 3936 781 3997 sibi
805 3956 862 4017 per
887 3936 990 4018 ipsum
1013 3936 1215 3998 traditorum.

345 4043 423 4104 item
447 4056 563 4103 octavo
587 4041 640 4104 die
657 4043 771 4103 Jakmo
795 4042 996 4123 apotecarius
1019 4054 1129 4103 contra
1154 4040 1325 4102 Nicolaum
1348 4052 1504 4102 sartorem

240 4146 344 4228 jurare
368 4148 464 4209 debet
487 4147 575 4228 quod
595 4146 708 4224 Katha,
725 4166 810 4208 nunc
826 4147 908 4208 circa
925 4146 1030 4226 ipsum
1055 4147 1208 4224 residens,
1233 4164 1313 4207 uxor
1336 4146 1406 4206 eius
1423 4157 1505 4206 esset

241 4253 408 4335 legittima.

346 4359 424 4421 Item
442 4359 577 4440 Egidius
600 4375 709 4420 contra
727 4357 961 4420 Lancholotum
981 4359 1086 4439 primo
1103 4358 1216 4419 citatus
1232 4376 1297 4418 non
1316 4353 1506 4437 comparuit.

347 4466 424 4527 ltern
450 4485 542 4527 causa
567 4485 630 4546 que
654 4465 788 4527 vertitur
811 4465 893 4525 inter
917 4464 1060 4526 relictam
1078 4464 1256 4525 Martinkus
1279 4477 1310 4524 et
1333 4463 1448 4543 Artuig
1464 4461 1504 4523 ad

243 4586 316 4635 octo
340 4572 408 4633 dies
431 4570 472 4631 ad
496 4591 608 4653 pacem
633 4584 679 4632 est
702 4583 883 4652 prorogata.

350 4678 427 4739 Item
452 4696 545 4738 causa
577 4696 640 4757 que
671 4676 803 4738 vertitur
834 4676 917 4737 inter
947 4675 1077 4736 Petrum
1108 4688 1250 4736 sutorem
1281 4686 1312 4736 et
1341 4672 1506 4734 Andream

244 4784 371 4845 racione
389 4783 621 4865 vituperiorum
638 4782 670 4842 in
695 4780 796 4862 figura
814 4780 925 4863 judicii
949 4780 982 4841 in
999 4780 1105 4862 ipsum
1122 4781 1252 4842 Petrum
1269 4798 1327 4861 per
1342 4777 1508 4840 Andream
