3488 5250
271 321 313 383 66
631 321 718 377 Anno
738 316 829 396 1356.
852 354 897 363 —
920 333 969 397 13.
991 320 1165 393 septembris.

1370 424 1538 433 *-

271 535 367 611 letio
395 546 495 611 sexta
513 540 669 628 proxima
692 546 769 627 post
787 537 911 610 festum
930 538 1126 610 nativitatis
1144 538 1241 610 beate
1259 538 1365 609 Ilarie
1383 538 1536 626 virginis.

782 689 831 769 (9.
853 689 1040 767 septembris).

376 831 485 892 Primo
509 830 613 892 Dokla
642 829 759 891 mulier
789 843 900 892 contra
924 830 1100 892 MartInum
1123 830 1305 891 sellatorem
1337 842 1452 890 octavo
1483 827 1535 888 die

271 951 337 999 met
361 935 500 998 secunda
525 948 652 997 tenetur
683 934 845 1016 deponere
877 933 1093 1014 juramentum
1117 954 1213 1017 super
1242 935 1348 996 verbis
1378 933 1535 1016 turpibus.

377 1043 456 1104 Item
480 1040 565 1103 Vidlc
588 1051 699 1102 contra
716 1040 827 1101 Mareu
851 1039 946 1101 Zolar
964 1054 1077 1103 octavo
1101 1040 1153 1103 die
1177 1054 1244 1103 met
1266 1039 1425 1102 secundus
1440 1058 1536 1120 super

271 1148 377 1210 verbis
399 1148 547 1229 turpibus
569 1157 696 1208 tenetur
720 1145 881 1228 deponere
905 1145 1134 1225 juramentum.

377 1254 457 1316 Item
490 1253 576 1315 idem
608 1251 744 1333 M(aren)
776 1251 892 1314 eodem
920 1252 973 1314 die
1004 1252 1260 1314 contradictum
1291 1250 1375 1313 Vidk
1398 1264 1465 1312 met
1488 1269 1535 1310 ae·

272 1358 396 1421 cundus
418 1371 545 1420 tenetur
568 1357 730 1439 deponere
754 1357 970 1438 juramentum
994 1378 1090 1440 super
1114 1357 1259 1420 elusione
1283 1356 1457 1439 sanguInia.

376 1465 456 1527 Item
479 1484 574 1526 cauea
598 1484 661 1546 que
685 1466 819 1526 vertitur
847 1465 930 1526 iuter
961 1465 1129 1527 Mortonos
1146 1465 1343 1527 ,sellatorem
1366 1477 1398 1526 et
1421 1463 1536 1525 Kusilo

272 1583 413 1633 sutorem
438 1570 478 1631 ad
501 1589 613 1651 pacem
641 1570 681 1631 ad
706 1584 780 1632 octo
804 1570 873 1632 dies
896 1584 943 1632 est
967 1585 1148 1653 prorogata.

381 1677 459 1738 Item
484 1696 578 1738 causa
601 1695 664 1758 que
680 1677 813 1739 vertitur
830 1677 913 1739 inter
929 1677 1065 1739 Paulum
1090 1692 1121 1740 et
1137 1677 1317 1739 Iohannem
1333 1676 1436 1739 filium
1454 1677 1537 1738 Iau-

272 1783 370 1844 rencii
395 1782 435 1843 ad
459 1801 571 1864 pacem
596 1781 635 1843 ad
658 1795 733 1843 octo
758 1782 826 1844 dies
850 1796 897 1844 est
918 1796 1101 1865 prorogata.

378 1888 456 1950 Item
481 1903 596 1950 octavo
620 1888 672 1950 die
689 1889 846 1950 Martinus
869 1889 994 1972 Reyniz
1016 1902 1127 1951 contra
1144 1888 1230 1951 Mike
1255 1888 1458 1952 Bremennak
1481 1906 1537 1970 per

274 1994 433 2057 lanchech
457 1993 666 2073 aurifabrum,
690 1994 820 2056 Petrum
851 2009 1007 2056 sartorem
1031 2008 1062 2056 et
1084 1993 1221 2055 Bartuch
1254 2014 1348 2077 super
1371 1994 1538 2076 vituperiis

272 2112 399 2162 tenetur
422 2113 615 2182 protestare;
639 2098 727 2161 idern
744 2101 831 2161 Mike
855 2099 971 2161 eodem
988 2099 1040 2161 die
1057 2099 1097 2161 de
1121 2099 1264 2182 quodam
1277 2100 1387 2162 debito
1409 2112 1537 2163 tenetur
1618 2179 1619 2182 Ἴ

273 2225 393 2289 ponere
419 2225 492 2267 cum
516 2205 612 2267 Petro
638 2207 756 2287 Loytra
780 2205 954 2267 racionem.

380 2313 459 2373 Item
484 2309 685 2391 Margareth‘a
709 2310 825 2372 mulier
851 2323 966 2372 octavo
990 2310 1041 2370 die
1066 2323 1176 2371 contra
1208 2311 1419 2373 Benedictum
1442 2310 1536 2374 aella·

274 2429 377 2479 torem
396 2437 452 2498 per
465 2418 584 2477 Askam
597 2435 730 2477 uxorem
743 2416 873 2478 Andree
886 2435 981 2498 nuper
1004 2417 1190 2478 verberibus
1202 2430 1327 2479 tenetur
1351 2431 1536 2500 protestare.

379 2522 458 2583 Item
474 2541 569 2583 cauea
585 2540 648 2603 que
665 2522 797 2583 vertitur
821 2522 903 2583 inter
919 2521 1032 2583 luanin
1052 2540 1223 2603 preconem
1242 2536 1273 2584 et
1289 2523 1329 2586 N.
1353 2523 1535 2586 carnificem

274 2626 315 2688 ad
337 2645 450 2706 pacem
475 2627 514 2686 ad
539 2639 613 2688 octo
637 2627 705 2687 dies
728 2640 775 2688 est
798 2641 978 2709 prorogata.

381 2732 460 2793 Item
476 2732 577 2793 Piuka
590 2745 700 2794 contra
711 2733 817 2795 Petres
829 2732 1010 2794 carnificem
1022 2734 1127 2816 prImo
1141 2735 1254 2797 citatus
1266 2753 1332 2795 non
1346 2735 1535 2817 comparuit.

380 2838 458 2899 Item
483 2857 575 2898 causa
601 2825 664 2919 due
681 2839 814 2900 vertitur
838 2839 920 2900 inter
937 2839 982 2902 St.
999 2839 1151 2901 Ribarich
1175 2854 1205 2902 et
1224 2838 1439 2902 Luchachium
1454 2840 1537 2903 auri·

274 2940 382 3004 fabros
406 2942 447 3004 ad
471 2956 544 3004 octo
568 2943 637 3005 dies
660 2943 701 3004 ad
724 2962 836 3025 pacem
865 2958 912 3006 eat
934 2959 1116 3026 prorogata.

380 3049 460 3110 Item
492 3049 649 3110 Martinus
680 3067 809 3111 mosnar
840 3050 1004 3132 quandam
1046 3051 1188 3133 puellam
1224 3052 1264 3114 ad
1288 3052 1446 3115 iusticiam
1478 3073 1538 3136 pro

274 3153 417 3235 quodam
443 3152 528 3215 furtu
552 3173 671 3216 a....

380 3260 458 3320 Item
483 3260 581 3320 Katra
605 3260 722 3321 mulier
757 3274 872 3322 octavo
904 3261 956 3324 die
980 3276 1090 3324 contra
1118 3263 1259 3325 Malkam
1283 3277 1350 3326 met
1371 3266 1469 3328 tercia
1491 3281 1538 3328 te·

277 3378 371 3427 netur
394 3364 556 3446 deponere
580 3364 806 3444 juramentum.

277 3581 373 3666 Nota,
402 3584 489 3672 quod
509 3584 595 3655 [erla
615 3587 722 3656 tercia
749 3588 905 3674 proxima
925 3595 1003 3658 ante
1028 3586 1150 3658 festum
1170 3589 1394 3662 exaltationis
1422 3600 1538 3664 sancte

847 3729 969 3780 crucis.

772 3868 833 3937 (13.
853 3862 1036 3935 septembris).

381 4012 489 4073 PrImo
531 4011 677 4075 Thomas
714 4013 799 4076 filius
838 4015 975 4097 Gurgini
1016 4031 1126 4079 contra
1160 4018 1326 4081 dominam
1362 4021 1537 4085 Blancham

277 4117 381 4197 prImo
406 4117 519 4179 citatus
544 4137 608 4179 non
632 4122 821 4202 comparuit.

382 4223 458 4285 Item
483 4223 630 4285 Andreas
653 4224 738 4286 filius
763 4226 876 4288 Pulani
912 4242 1022 4289 contra
1047 4229 1086 4313 N.
1111 4243 1265 4292 sartorem
1296 4232 1401 4314 primo
1425 4233 1540 4295 citatus

277 4345 343 4387 non
367 4330 556 4408 comparuit.

382 4430 458 4493 Item
481 4453 575 4495 cauea
600 4454 663 4517 que
687 4436 819 4497 vertitur
846 4437 927 4499 inter
951 4437 1093 4501 Blaaium
1125 4440 1327 4503 Bremennak
1351 4454 1382 4503 et
1405 4442 1536 4526 Endrey

275 4537 481 4618 pannicidam
505 4539 544 4600 ad
569 4556 643 4602 octo
667 4541 736 4602 dies
759 4555 807 4602 est
829 4556 955 4624 recepta
979 4544 1019 4604 ad
1043 4563 1166 4626 pacem.

382 4643 459 4704 Item
482 4664 577 4706 causa
602 4665 666 4726 que
691 4647 822 4708 vertitur
846 4647 927 4709 inter
943 4667 1076 4710 uxorem
1101 4649 1225 4730 Chegel
1249 4663 1281 4712 et
1304 4668 1436 4712 uxorem
1453 4651 1540 4714 Zitar

276 4765 312 4807 ac
336 4745 510 4811 Crizanum
534 4764 580 4812 est
604 4767 773 4833 prorogata
797 4753 838 4814 ad
861 4769 934 4816 octo
958 4754 1037 4817 diea.
