<?xml version="1.0" encoding="UTF-8"?>
<!DOCTYPE html PUBLIC "-//W3C//DTD XHTML 1.0 Transitional//EN"
    "http://www.w3.org/TR/xhtml1/DTD/xhtml1-transitional.dtd">
<html xmlns="http://www.w3.org/1999/xhtml" xml:lang="en" lang="en">
 <head>
  <title>
</title>
<meta http-equiv="Content-Type" content="text/html;charset=utf-8" />
  <meta name='ocr-system' content='tesseract 3.04.00' />
  <meta name='ocr-capabilities' content='ocr_page ocr_carea ocr_par ocr_line ocrx_word'/>
</head>
<body>
  <div class='ocr_page' id='page_1' title='image "./monumentahistor08laszgoog/monumentahistor08laszgoog_0158.png"; bbox 0 0 3488 5250; ppageno 0'>
   <div class='ocr_carea' id='block_1_1' title="bbox 619 354 1480 442">
    <p class='ocr_par' dir='ltr' id='par_1_1' title="bbox 619 354 1480 442">
     <span class='ocr_line' id='line_1_1' title="bbox 619 354 1480 442; baseline 0.009 -28"><span class='ocrx_word' id='word_1_1' title='bbox 619 354 707 414; x_wconf 82' lang='lat' dir='ltr'><strong>Anno</strong></span> <span class='ocrx_word' id='word_1_2' title='bbox 730 367 820 431; x_wconf 79' lang='lat'><em>1359.</em></span> <span class='ocrx_word' id='word_1_3' title='bbox 844 390 888 399; x_wconf 98' lang='lat'>—</span> <span class='ocrx_word' id='word_1_4' title='bbox 911 371 938 418; x_wconf 82' lang='lat' dir='ltr'><strong>J.</strong></span> <span class='ocrx_word' id='word_1_5' title='bbox 962 359 1070 418; x_wconf 82' lang='lat' dir='ltr'><strong>martr&#39;i.</strong></span> <span class='ocrx_word' id='word_1_6' title='bbox 1421 381 1480 442; x_wconf 82' lang='lat'><strong>113</strong></span> 
     </span>
    </p>
   </div>
   <div class='ocr_carea' id='block_1_2' title="bbox 225 459 1484 474">
    <p class='ocr_par' dir='ltr' id='par_1_2' title="bbox 225 459 1484 474">
     <span class='ocr_line' id='line_1_2' title="bbox 225 459 1484 474; baseline 0.008 -10"><span class='ocrx_word' id='word_1_7' title='bbox 225 459 276 466; x_wconf 79' lang='lat'><strong>.-</strong></span> <span class='ocrx_word' id='word_1_8' title='bbox 283 461 414 465; x_wconf 52' lang='grc' dir='ltr'><strong>ψ,-</strong></span> <span class='ocrx_word' id='word_1_9' title='bbox 421 463 430 465; x_wconf 90' lang='grc'>-</span> <span class='ocrx_word' id='word_1_10' title='bbox 457 461 538 466; x_wconf 77' lang='lat'><em>..-.-—-</em></span> <span class='ocrx_word' id='word_1_11' title='bbox 546 462 629 466; x_wconf 72' lang='lat'>--.--</span> <span class='ocrx_word' id='word_1_12' title='bbox 898 463 971 468; x_wconf 81' lang='lat'>—</span> <span class='ocrx_word' id='word_1_13' title='bbox 1176 466 1309 472; x_wconf 80' lang='lat'>--—-—</span> <span class='ocrx_word' id='word_1_14' title='bbox 1317 467 1484 474; x_wconf 78' lang='lat'><strong>———</strong></span> 
     </span>
    </p>
   </div>
   <div class='ocr_carea' id='block_1_3' title="bbox 221 564 1485 964">
    <p class='ocr_par' dir='ltr' id='par_1_3' title="bbox 221 564 1485 753">
     <span class='ocr_line' id='line_1_3' title="bbox 328 564 1485 648; baseline 0.007 -23"><span class='ocrx_word' id='word_1_15' title='bbox 328 564 405 626; x_wconf 87' lang='lat' dir='ltr'><strong>Item</strong></span> <span class='ocrx_word' id='word_1_16' title='bbox 431 564 542 627; x_wconf 88' lang='lat' dir='ltr'><strong>Petrus</strong></span> <span class='ocrx_word' id='word_1_17' title='bbox 564 585 663 647; x_wconf 91' lang='lat' dir='ltr'><strong>gener</strong></span> <span class='ocrx_word' id='word_1_18' title='bbox 690 565 883 627; x_wconf 87' lang='lat' dir='ltr'><strong>chhkonis</strong></span> <span class='ocrx_word' id='word_1_19' title='bbox 916 567 1080 648; x_wconf 88' lang='lat' dir='ltr'><strong>piscatoris</strong></span> <span class='ocrx_word' id='word_1_20' title='bbox 1111 582 1220 630; x_wconf 86' lang='lat' dir='ltr'><strong>contra</strong></span> <span class='ocrx_word' id='word_1_21' title='bbox 1246 567 1401 632; x_wconf 84' lang='lat' dir='ltr'><strong>Mathiam</strong></span> <span class='ocrx_word' id='word_1_22' title='bbox 1424 569 1485 633; x_wconf 85' lang='lat' dir='ltr'><strong>fra-</strong></span> 
     </span>
     <span class='ocr_line' id='line_1_4' title="bbox 221 669 1040 753; baseline 0.006 -23"><span class='ocrx_word' id='word_1_23' title='bbox 221 682 302 731; x_wconf 90' lang='lat' dir='ltr'><strong>trem</strong></span> <span class='ocrx_word' id='word_1_24' title='bbox 327 669 434 732; x_wconf 85' lang='lat' dir='ltr'><strong>Vanse</strong></span> <span class='ocrx_word' id='word_1_25' title='bbox 458 670 599 732; x_wconf 90' lang='lat' dir='ltr'><strong>secundo</strong></span> <span class='ocrx_word' id='word_1_26' title='bbox 624 672 738 734; x_wconf 87' lang='lat' dir='ltr'><strong>citatus</strong></span> <span class='ocrx_word' id='word_1_27' title='bbox 761 691 826 732; x_wconf 93' lang='lat' dir='ltr'><strong>non</strong></span> <span class='ocrx_word' id='word_1_28' title='bbox 852 673 1040 753; x_wconf 83' lang='lat' dir='ltr'><strong>comparuit.</strong></span> 
     </span>
    </p>

    <p class='ocr_par' dir='ltr' id='par_1_4' title="bbox 223 774 1482 964">
     <span class='ocr_line' id='line_1_5' title="bbox 328 774 1482 861; baseline 0.005 -25"><span class='ocrx_word' id='word_1_29' title='bbox 328 775 405 836; x_wconf 86' lang='lat' dir='ltr'><strong>item</strong></span> <span class='ocrx_word' id='word_1_30' title='bbox 424 776 562 837; x_wconf 86' lang='lat' dir='ltr'><strong>Jacobus</strong></span> <span class='ocrx_word' id='word_1_31' title='bbox 577 774 663 837; x_wconf 90' lang='lat' dir='ltr'><strong>filius</strong></span> <span class='ocrx_word' id='word_1_32' title='bbox 680 777 758 838; x_wconf 87' lang='lat' dir='ltr'><strong>Jake</strong></span> <span class='ocrx_word' id='word_1_33' title='bbox 774 790 839 838; x_wconf 89' lang='lat' dir='ltr'><strong>met</strong></span> <span class='ocrx_word' id='word_1_34' title='bbox 855 777 971 837; x_wconf 90' lang='lat' dir='ltr'><strong>tercius</strong></span> <span class='ocrx_word' id='word_1_35' title='bbox 988 791 1097 840; x_wconf 91' lang='lat' dir='ltr'><strong>contra</strong></span> <span class='ocrx_word' id='word_1_36' title='bbox 1115 779 1303 861; x_wconf 88' lang='lat' dir='ltr'><strong>magistrum</strong></span> <span class='ocrx_word' id='word_1_37' title='bbox 1320 780 1482 842; x_wconf 85' lang='lat' dir='ltr'><strong>Thomam</strong></span> 
     </span>
     <span class='ocr_line' id='line_1_6' title="bbox 223 875 701 964; baseline 0.015 -26"><span class='ocrx_word' id='word_1_38' title='bbox 223 875 300 939; x_wconf 83' lang='lat' dir='ltr'><strong>feria</strong></span> <span class='ocrx_word' id='word_1_39' title='bbox 326 893 412 942; x_wconf 85' lang='lat' dir='ltr'><strong>sexta</strong></span> <span class='ocrx_word' id='word_1_40' title='bbox 436 880 539 964; x_wconf 84' lang='lat' dir='ltr'><strong>jurare</strong></span> <span class='ocrx_word' id='word_1_41' title='bbox 565 894 701 946; x_wconf 89' lang='lat' dir='ltr'><strong>tenetur.</strong></span> 
     </span>
    </p>
   </div>
   <div class='ocr_carea' id='block_1_4' title="bbox 405 1115 1289 1211">
    <p class='ocr_par' dir='ltr' id='par_1_5' title="bbox 405 1115 1289 1211">
     <span class='ocr_line' id='line_1_7' title="bbox 405 1115 1289 1211; baseline 0.005 -21"><span class='ocrx_word' id='word_1_42' title='bbox 405 1115 504 1191; x_wconf 82' lang='lat' dir='ltr'><strong>Faria</strong></span> <span class='ocrx_word' id='word_1_43' title='bbox 531 1127 629 1191; x_wconf 86' lang='lat' dir='ltr'><strong>sexta</strong></span> <span class='ocrx_word' id='word_1_44' title='bbox 658 1122 814 1209; x_wconf 89' lang='lat' dir='ltr'><strong>proxima</strong></span> <span class='ocrx_word' id='word_1_45' title='bbox 842 1128 920 1194; x_wconf 87' lang='lat' dir='ltr'><strong>ante</strong></span> <span class='ocrx_word' id='word_1_46' title='bbox 948 1121 1033 1194; x_wconf 88' lang='lat' dir='ltr'><strong>diem</strong></span> <span class='ocrx_word' id='word_1_47' title='bbox 1062 1124 1289 1211; x_wconf 82' lang='lat' dir='ltr'><strong>carnisprivii.</strong></span> 
     </span>
    </p>
   </div>
   <div class='ocr_carea' id='block_1_5' title="bbox 758 1291 945 1368">
    <p class='ocr_par' dir='ltr' id='par_1_6' title="bbox 758 1291 945 1368">
     <span class='ocr_line' id='line_1_8' title="bbox 758 1291 945 1368; baseline 0.016 -19"><span class='ocrx_word' id='word_1_48' title='bbox 758 1294 799 1368; x_wconf 85' lang='lat'><strong>(1.</strong></span> <span class='ocrx_word' id='word_1_49' title='bbox 822 1291 945 1356; x_wconf 77' lang='lat' dir='ltr'><strong>martii).</strong></span> 
     </span>
    </p>
   </div>
   <div class='ocr_carea' id='block_1_6' title="bbox 217 1444 1482 1847">
    <p class='ocr_par' dir='ltr' id='par_1_7' title="bbox 217 1444 1482 1634">
     <span class='ocr_line' id='line_1_9' title="bbox 324 1444 1482 1531; baseline 0.005 -26"><span class='ocrx_word' id='word_1_50' title='bbox 324 1444 432 1508; x_wconf 89' lang='lat' dir='ltr'><strong>Primo</strong></span> <span class='ocrx_word' id='word_1_51' title='bbox 457 1446 568 1509; x_wconf 90' lang='lat' dir='ltr'><strong>Petrus</strong></span> <span class='ocrx_word' id='word_1_52' title='bbox 592 1445 687 1508; x_wconf 84' lang='lat' dir='ltr'><strong>frater</strong></span> <span class='ocrx_word' id='word_1_53' title='bbox 711 1447 851 1509; x_wconf 86' lang='lat' dir='ltr'><strong>custodia</strong></span> <span class='ocrx_word' id='word_1_54' title='bbox 875 1461 985 1509; x_wconf 90' lang='lat' dir='ltr'><strong>contra</strong></span> <span class='ocrx_word' id='word_1_55' title='bbox 1009 1447 1153 1510; x_wconf 88' lang='lat' dir='ltr'><strong>relictam</strong></span> <span class='ocrx_word' id='word_1_56' title='bbox 1171 1447 1280 1510; x_wconf 90' lang='lat' dir='ltr'><strong>Merhe</strong></span> <span class='ocrx_word' id='word_1_57' title='bbox 1304 1448 1410 1531; x_wconf 90' lang='lat' dir='ltr'><strong>primo</strong></span> <span class='ocrx_word' id='word_1_58' title='bbox 1439 1449 1482 1512; x_wconf 93' lang='lat' dir='ltr'><strong>ci-</strong></span> 
     </span>
     <span class='ocr_line' id='line_1_10' title="bbox 217 1553 605 1634; baseline 0.005 -22"><span class='ocrx_word' id='word_1_59' title='bbox 217 1564 303 1613; x_wconf 90' lang='lat' dir='ltr'><strong>tatus</strong></span> <span class='ocrx_word' id='word_1_60' title='bbox 326 1571 392 1614; x_wconf 91' lang='lat' dir='ltr'><strong>non</strong></span> <span class='ocrx_word' id='word_1_61' title='bbox 417 1553 605 1634; x_wconf 84' lang='lat' dir='ltr'><strong>comparuit.</strong></span> 
     </span>
    </p>

    <p class='ocr_par' dir='ltr' id='par_1_8' title="bbox 218 1657 1482 1847">
     <span class='ocr_line' id='line_1_11' title="bbox 324 1657 1482 1739; baseline 0.003 -21"><span class='ocrx_word' id='word_1_62' title='bbox 324 1657 402 1719; x_wconf 84' lang='lat' dir='ltr'><strong>item</strong></span> <span class='ocrx_word' id='word_1_63' title='bbox 426 1677 521 1719; x_wconf 89' lang='lat' dir='ltr'><strong>causa</strong></span> <span class='ocrx_word' id='word_1_64' title='bbox 553 1678 616 1739; x_wconf 89' lang='lat' dir='ltr'><strong>que</strong></span> <span class='ocrx_word' id='word_1_65' title='bbox 649 1658 781 1720; x_wconf 86' lang='lat' dir='ltr'><strong>vertitur</strong></span> <span class='ocrx_word' id='word_1_66' title='bbox 813 1659 896 1720; x_wconf 89' lang='lat' dir='ltr'><strong>inter</strong></span> <span class='ocrx_word' id='word_1_67' title='bbox 919 1659 1008 1720; x_wconf 86' lang='lat' dir='ltr'><strong>Bank</strong></span> <span class='ocrx_word' id='word_1_68' title='bbox 1040 1658 1238 1720; x_wconf 83' lang='lat' dir='ltr'><strong>sacerdotem</strong></span> <span class='ocrx_word' id='word_1_69' title='bbox 1271 1672 1302 1721; x_wconf 90' lang='lat' dir='ltr'><strong>et</strong></span> <span class='ocrx_word' id='word_1_70' title='bbox 1331 1659 1482 1722; x_wconf 89' lang='lat' dir='ltr'><strong>Puchoch</strong></span> 
     </span>
     <span class='ocr_line' id='line_1_12' title="bbox 218 1761 1341 1847; baseline 0.006 -25"><span class='ocrx_word' id='word_1_71' title='bbox 218 1761 257 1822; x_wconf 90' lang='lat' dir='ltr'><strong>ad</strong></span> <span class='ocrx_word' id='word_1_72' title='bbox 281 1763 456 1826; x_wconf 88' lang='lat' dir='ltr'><strong>adventum</strong></span> <span class='ocrx_word' id='word_1_73' title='bbox 481 1764 622 1845; x_wconf 83' lang='lat' dir='ltr'><strong>magistri</strong></span> <span class='ocrx_word' id='word_1_74' title='bbox 649 1762 797 1845; x_wconf 86' lang='lat' dir='ltr'><strong>Gregorii</strong></span> <span class='ocrx_word' id='word_1_75' title='bbox 820 1765 852 1826; x_wconf 90' lang='lat' dir='ltr'><strong>in</strong></span> <span class='ocrx_word' id='word_1_76' title='bbox 877 1765 1067 1846; x_wconf 88' lang='lat' dir='ltr'><strong>Zagrabiam</strong></span> <span class='ocrx_word' id='word_1_77' title='bbox 1091 1777 1137 1827; x_wconf 87' lang='lat' dir='ltr'><strong>est</strong></span> <span class='ocrx_word' id='word_1_78' title='bbox 1160 1779 1341 1847; x_wconf 90' lang='lat' dir='ltr'><strong>prorogata.</strong></span> 
     </span>
    </p>
   </div>
   <div class='ocr_carea' id='block_1_7' title="bbox 221 1864 1480 2182">
    <p class='ocr_par' dir='ltr' id='par_1_9' title="bbox 221 1864 1480 2182">
     <span class='ocr_line' id='line_1_13' title="bbox 324 1864 1477 1971; baseline 0.003 -23"><span class='ocrx_word' id='word_1_79' title='bbox 324 1887 401 1949; x_wconf 90' lang='lat' dir='ltr'><strong>Item</strong></span> <span class='ocrx_word' id='word_1_80' title='bbox 426 1908 519 1949; x_wconf 89' lang='lat' dir='ltr'><strong>causa</strong></span> <span class='ocrx_word' id='word_1_81' title='bbox 544 1864 770 1970; x_wconf 84' lang='lat' dir='ltr'><strong>produccionis</strong></span> <span class='ocrx_word' id='word_1_82' title='bbox 798 1889 927 1950; x_wconf 91' lang='lat' dir='ltr'><strong>testium</strong></span> <span class='ocrx_word' id='word_1_83' title='bbox 952 1888 1123 1971; x_wconf 89' lang='lat' dir='ltr'><strong>Crizozlay</strong></span> <span class='ocrx_word' id='word_1_84' title='bbox 1147 1903 1257 1951; x_wconf 91' lang='lat' dir='ltr'><strong>contra</strong></span> <span class='ocrx_word' id='word_1_85' title='bbox 1281 1890 1477 1952; x_wconf 91' lang='lat' dir='ltr'><strong>Domianum</strong></span> 
     </span>
     <span class='ocr_line' id='line_1_14' title="bbox 221 1993 1095 2076; baseline 0.005 -24"><span class='ocrx_word' id='word_1_86' title='bbox 221 1993 365 2054; x_wconf 88' lang='lat' dir='ltr'><strong>woschar</strong></span> <span class='ocrx_word' id='word_1_87' title='bbox 389 1994 428 2054; x_wconf 87' lang='lat' dir='ltr'><strong>ad</strong></span> <span class='ocrx_word' id='word_1_88' title='bbox 454 2007 527 2055; x_wconf 93' lang='lat' dir='ltr'><strong>octo</strong></span> <span class='ocrx_word' id='word_1_89' title='bbox 552 1995 620 2055; x_wconf 91' lang='lat' dir='ltr'><strong>dies</strong></span> <span class='ocrx_word' id='word_1_90' title='bbox 644 1995 683 2055; x_wconf 91' lang='lat' dir='ltr'><strong>ad</strong></span> <span class='ocrx_word' id='word_1_91' title='bbox 708 2013 819 2076; x_wconf 89' lang='lat' dir='ltr'><strong>pacem</strong></span> <span class='ocrx_word' id='word_1_92' title='bbox 844 2008 891 2056; x_wconf 81' lang='lat' dir='ltr'><strong>est</strong></span> <span class='ocrx_word' id='word_1_93' title='bbox 914 2008 1095 2076; x_wconf 89' lang='lat' dir='ltr'><strong>prorogata.</strong></span> 
     </span>
     <span class='ocr_line' id='line_1_15' title="bbox 325 2099 1480 2182; baseline 0.003 -23"><span class='ocrx_word' id='word_1_94' title='bbox 325 2099 401 2160; x_wconf 87' lang='lat' dir='ltr'><strong>item</strong></span> <span class='ocrx_word' id='word_1_95' title='bbox 420 2100 507 2161; x_wconf 85' lang='lat' dir='ltr'><strong>Elias</strong></span> <span class='ocrx_word' id='word_1_96' title='bbox 523 2119 639 2182; x_wconf 86' lang='lat' dir='ltr'><strong>parvus</strong></span> <span class='ocrx_word' id='word_1_97' title='bbox 656 2113 765 2162; x_wconf 90' lang='lat' dir='ltr'><strong>contra</strong></span> <span class='ocrx_word' id='word_1_98' title='bbox 782 2100 891 2163; x_wconf 87' lang='lat' dir='ltr'><strong>Rados</strong></span> <span class='ocrx_word' id='word_1_99' title='bbox 913 2100 1056 2162; x_wconf 88' lang='lat' dir='ltr'><strong>secundo</strong></span> <span class='ocrx_word' id='word_1_100' title='bbox 1076 2100 1189 2162; x_wconf 85' lang='lat' dir='ltr'><strong>citatus</strong></span> <span class='ocrx_word' id='word_1_101' title='bbox 1205 2120 1271 2161; x_wconf 92' lang='lat' dir='ltr'><strong>non</strong></span> <span class='ocrx_word' id='word_1_102' title='bbox 1292 2101 1480 2182; x_wconf 87' lang='lat' dir='ltr'><strong>comparuit.</strong></span> 
     </span>
    </p>
   </div>
   <div class='ocr_carea' id='block_1_8' title="bbox 214 2222 1481 3577">
    <p class='ocr_par' dir='ltr' id='par_1_10' title="bbox 215 2222 1481 2497">
     <span class='ocr_line' id='line_1_16' title="bbox 323 2222 1479 2307; baseline 0.003 -24"><span class='ocrx_word' id='word_1_103' title='bbox 323 2222 401 2284; x_wconf 85' lang='lat' dir='ltr'><strong>Item</strong></span> <span class='ocrx_word' id='word_1_104' title='bbox 426 2237 539 2286; x_wconf 89' lang='lat' dir='ltr'><strong>octavo</strong></span> <span class='ocrx_word' id='word_1_105' title='bbox 557 2223 609 2286; x_wconf 90' lang='lat' dir='ltr'><strong>die</strong></span> <span class='ocrx_word' id='word_1_106' title='bbox 628 2225 783 2286; x_wconf 87' lang='lat' dir='ltr'><strong>Martinus</strong></span> <span class='ocrx_word' id='word_1_107' title='bbox 800 2223 885 2286; x_wconf 88' lang='lat' dir='ltr'><strong>filius</strong></span> <span class='ocrx_word' id='word_1_108' title='bbox 897 2225 1066 2307; x_wconf 87' lang='lat' dir='ltr'><strong>Wikouoy</strong></span> <span class='ocrx_word' id='word_1_109' title='bbox 1083 2222 1240 2286; x_wconf 81' lang='lat' dir='ltr'><strong>[amulum</strong></span> <span class='ocrx_word' id='word_1_110' title='bbox 1258 2244 1351 2286; x_wconf 88' lang='lat' dir='ltr'><strong>suum</strong></span> <span class='ocrx_word' id='word_1_111' title='bbox 1369 2239 1479 2287; x_wconf 90' lang='lat' dir='ltr'><strong>contra</strong></span> 
     </span>
     <span class='ocr_line' id='line_1_17' title="bbox 217 2327 1481 2412; baseline 0.002 -24"><span class='ocrx_word' id='word_1_112' title='bbox 217 2327 414 2390; x_wconf 89' lang='lat' dir='ltr'><strong>Domianum</strong></span> <span class='ocrx_word' id='word_1_113' title='bbox 439 2329 609 2411; x_wconf 89' lang='lat' dir='ltr'><strong>Chiplicha</strong></span> <span class='ocrx_word' id='word_1_114' title='bbox 625 2349 684 2412; x_wconf 91' lang='lat' dir='ltr'><strong>pro</strong></span> <span class='ocrx_word' id='word_1_115' title='bbox 709 2331 936 2392; x_wconf 89' lang='lat' dir='ltr'><strong>verberacione</strong></span> <span class='ocrx_word' id='word_1_116' title='bbox 957 2344 988 2392; x_wconf 91' lang='lat' dir='ltr'><strong>et</strong></span> <span class='ocrx_word' id='word_1_117' title='bbox 1012 2330 1177 2412; x_wconf 80' lang='lat' dir='ltr'><strong>sanguinis</strong></span> <span class='ocrx_word' id='word_1_118' title='bbox 1200 2329 1356 2392; x_wconf 86' lang='lat' dir='ltr'><strong>effusione</strong></span> <span class='ocrx_word' id='word_1_119' title='bbox 1372 2330 1481 2392; x_wconf 83' lang='lat' dir='ltr'><strong>uxoris</strong></span> 
     </span>
     <span class='ocr_line' id='line_1_18' title="bbox 215 2447 594 2497; baseline 0.008 -4"><span class='ocrx_word' id='word_1_120' title='bbox 215 2452 271 2493; x_wconf 90' lang='lat' dir='ltr'><strong>sue</strong></span> <span class='ocrx_word' id='word_1_121' title='bbox 296 2447 434 2496; x_wconf 88' lang='lat' dir='ltr'><strong>statuere</strong></span> <span class='ocrx_word' id='word_1_122' title='bbox 458 2448 594 2497; x_wconf 90' lang='lat' dir='ltr'><strong>tenetur.</strong></span> 
     </span>
    </p>

    <p class='ocr_par' dir='ltr' id='par_1_11' title="bbox 216 2539 1479 2834">
     <span class='ocr_line' id='line_1_19' title="bbox 320 2539 1479 2624; baseline 0.002 -24"><span class='ocrx_word' id='word_1_123' title='bbox 320 2539 397 2601; x_wconf 89' lang='lat' dir='ltr'><strong>Item</strong></span> <span class='ocrx_word' id='word_1_124' title='bbox 423 2561 517 2603; x_wconf 90' lang='lat' dir='ltr'><strong>causa</strong></span> <span class='ocrx_word' id='word_1_125' title='bbox 542 2561 603 2622; x_wconf 90' lang='lat' dir='ltr'><strong>que</strong></span> <span class='ocrx_word' id='word_1_126' title='bbox 629 2541 761 2602; x_wconf 91' lang='lat' dir='ltr'><strong>vertitur</strong></span> <span class='ocrx_word' id='word_1_127' title='bbox 786 2541 868 2602; x_wconf 89' lang='lat' dir='ltr'><strong>inter</strong></span> <span class='ocrx_word' id='word_1_128' title='bbox 888 2539 1047 2603; x_wconf 83' lang='lat' dir='ltr'><strong>famulum</strong></span> <span class='ocrx_word' id='word_1_129' title='bbox 1074 2541 1250 2624; x_wconf 86' lang='lat' dir='ltr'><strong>Mychaelis</strong></span> <span class='ocrx_word' id='word_1_130' title='bbox 1275 2539 1354 2601; x_wconf 84' lang='lat' dir='ltr'><strong>fabri</strong></span> <span class='ocrx_word' id='word_1_131' title='bbox 1380 2554 1411 2602; x_wconf 92' lang='lat' dir='ltr'><strong>et</strong></span> <span class='ocrx_word' id='word_1_132' title='bbox 1434 2539 1479 2602; x_wconf 89' lang='lat' dir='ltr'><strong>fa·</strong></span> 
     </span>
     <span class='ocr_line' id='line_1_20' title="bbox 216 2646 1479 2732; baseline 0.002 -26"><span class='ocrx_word' id='word_1_133' title='bbox 216 2646 342 2707; x_wconf 91' lang='lat' dir='ltr'><strong>mulum</strong></span> <span class='ocrx_word' id='word_1_134' title='bbox 368 2647 457 2709; x_wconf 86' lang='lat' dir='ltr'><strong>Pauli</strong></span> <span class='ocrx_word' id='word_1_135' title='bbox 482 2647 563 2709; x_wconf 85' lang='lat' dir='ltr'><strong>fabri</strong></span> <span class='ocrx_word' id='word_1_136' title='bbox 581 2667 677 2732; x_wconf 87' lang='lat' dir='ltr'><strong>super</strong></span> <span class='ocrx_word' id='word_1_137' title='bbox 696 2648 861 2727; x_wconf 90' lang='lat' dir='ltr'><strong>sanguinis</strong></span> <span class='ocrx_word' id='word_1_138' title='bbox 877 2647 1033 2709; x_wconf 88' lang='lat' dir='ltr'><strong>effusione</strong></span> <span class='ocrx_word' id='word_1_139' title='bbox 1057 2647 1097 2708; x_wconf 93' lang='lat' dir='ltr'><strong>ad</strong></span> <span class='ocrx_word' id='word_1_140' title='bbox 1122 2661 1195 2709; x_wconf 91' lang='lat' dir='ltr'><strong>octo</strong></span> <span class='ocrx_word' id='word_1_141' title='bbox 1219 2647 1288 2709; x_wconf 90' lang='lat' dir='ltr'><strong>dies</strong></span> <span class='ocrx_word' id='word_1_142' title='bbox 1310 2646 1351 2708; x_wconf 89' lang='lat' dir='ltr'><strong>ad</strong></span> <span class='ocrx_word' id='word_1_143' title='bbox 1367 2666 1479 2728; x_wconf 89' lang='lat' dir='ltr'><strong>pacem</strong></span> 
     </span>
     <span class='ocr_line' id='line_1_21' title="bbox 216 2763 466 2834; baseline 0.016 -23"><span class='ocrx_word' id='word_1_144' title='bbox 216 2763 262 2812; x_wconf 87' lang='lat' dir='ltr'><strong>est</strong></span> <span class='ocrx_word' id='word_1_145' title='bbox 285 2767 466 2834; x_wconf 90' lang='lat' dir='ltr'><strong>prorogata.</strong></span> 
     </span>
    </p>

    <p class='ocr_par' dir='ltr' id='par_1_12' title="bbox 215 2857 1477 3152">
     <span class='ocr_line' id='line_1_22' title="bbox 321 2857 1477 2941; baseline 0 -22"><span class='ocrx_word' id='word_1_146' title='bbox 321 2859 397 2920; x_wconf 87' lang='lat' dir='ltr'><strong>Item</strong></span> <span class='ocrx_word' id='word_1_147' title='bbox 423 2860 555 2922; x_wconf 90' lang='lat' dir='ltr'><strong>domina</strong></span> <span class='ocrx_word' id='word_1_148' title='bbox 580 2859 732 2939; x_wconf 86' lang='lat' dir='ltr'><strong>Blancha,</strong></span> <span class='ocrx_word' id='word_1_149' title='bbox 758 2859 925 2921; x_wconf 90' lang='lat' dir='ltr'><strong>Elizabeth</strong></span> <span class='ocrx_word' id='word_1_150' title='bbox 948 2857 1014 2920; x_wconf 91' lang='lat' dir='ltr'><strong>filia</strong></span> <span class='ocrx_word' id='word_1_151' title='bbox 1037 2878 1104 2937; x_wconf 85' lang='lat' dir='ltr'><strong>sua,</strong></span> <span class='ocrx_word' id='word_1_152' title='bbox 1129 2877 1209 2920; x_wconf 80' lang='lat' dir='ltr'><strong>uxor</strong></span> <span class='ocrx_word' id='word_1_153' title='bbox 1231 2861 1340 2941; x_wconf 82' lang='lat' dir='ltr'><strong>Arney</strong></span> <span class='ocrx_word' id='word_1_154' title='bbox 1364 2858 1477 2941; x_wconf 91' lang='lat' dir='ltr'><strong>panni-</strong></span> 
     </span>
     <span class='ocr_line' id='line_1_23' title="bbox 215 2963 1477 3046; baseline 0.001 -21"><span class='ocrx_word' id='word_1_155' title='bbox 215 2963 285 3025; x_wconf 90' lang='lat' dir='ltr'><strong>cide</strong></span> <span class='ocrx_word' id='word_1_156' title='bbox 321 2979 352 3027; x_wconf 90' lang='lat' dir='ltr'><strong>et</strong></span> <span class='ocrx_word' id='word_1_157' title='bbox 383 2965 449 3026; x_wconf 89' lang='lat' dir='ltr'><strong>filia</strong></span> <span class='ocrx_word' id='word_1_158' title='bbox 474 2965 618 3026; x_wconf 89' lang='lat' dir='ltr'><strong>eiusdem</strong></span> <span class='ocrx_word' id='word_1_159' title='bbox 652 2978 760 3027; x_wconf 89' lang='lat' dir='ltr'><strong>contra</strong></span> <span class='ocrx_word' id='word_1_160' title='bbox 793 2964 892 3027; x_wconf 87' lang='lat' dir='ltr'><strong>filiam</strong></span> <span class='ocrx_word' id='word_1_161' title='bbox 925 2963 999 3026; x_wconf 94' lang='lat' dir='ltr'><strong>God</strong></span> <span class='ocrx_word' id='word_1_162' title='bbox 1031 2964 1135 3046; x_wconf 92' lang='lat' dir='ltr'><strong>primo</strong></span> <span class='ocrx_word' id='word_1_163' title='bbox 1171 2964 1265 3025; x_wconf 91' lang='lat' dir='ltr'><strong>citate</strong></span> <span class='ocrx_word' id='word_1_164' title='bbox 1300 2983 1366 3025; x_wconf 90' lang='lat' dir='ltr'><strong>non</strong></span> <span class='ocrx_word' id='word_1_165' title='bbox 1389 2983 1477 3026; x_wconf 90' lang='lat' dir='ltr'><strong>com-</strong></span> 
     </span>
     <span class='ocr_line' id='line_1_24' title="bbox 215 3085 400 3152; baseline 0.011 -21"><span class='ocrx_word' id='word_1_166' title='bbox 215 3085 400 3152; x_wconf 90' lang='lat' dir='ltr'><strong>paruerunt.</strong></span> 
     </span>
    </p>

    <p class='ocr_par' dir='ltr' id='par_1_13' title="bbox 214 3176 1477 3364">
     <span class='ocr_line' id='line_1_25' title="bbox 320 3176 1477 3259; baseline -0.002 -21"><span class='ocrx_word' id='word_1_167' title='bbox 320 3179 398 3240; x_wconf 87' lang='lat' dir='ltr'><strong>Item</strong></span> <span class='ocrx_word' id='word_1_168' title='bbox 424 3177 537 3240; x_wconf 92' lang='lat' dir='ltr'><strong>eedem</strong></span> <span class='ocrx_word' id='word_1_169' title='bbox 568 3190 676 3239; x_wconf 92' lang='lat' dir='ltr'><strong>contra</strong></span> <span class='ocrx_word' id='word_1_170' title='bbox 702 3181 829 3239; x_wconf 86' lang='lat' dir='ltr'><strong>Annam</strong></span> <span class='ocrx_word' id='word_1_171' title='bbox 861 3177 1008 3238; x_wconf 90' lang='lat' dir='ltr'><strong>similiter</strong></span> <span class='ocrx_word' id='word_1_172' title='bbox 1031 3177 1135 3259; x_wconf 89' lang='lat' dir='ltr'><strong>primo</strong></span> <span class='ocrx_word' id='word_1_173' title='bbox 1168 3176 1261 3237; x_wconf 86' lang='lat' dir='ltr'><strong>citate</strong></span> <span class='ocrx_word' id='word_1_174' title='bbox 1293 3194 1358 3237; x_wconf 92' lang='lat' dir='ltr'><strong>non</strong></span> <span class='ocrx_word' id='word_1_175' title='bbox 1390 3194 1477 3236; x_wconf 90' lang='lat' dir='ltr'><strong>com·</strong></span> 
     </span>
     <span class='ocr_line' id='line_1_26' title="bbox 214 3297 399 3364; baseline 0.016 -21"><span class='ocrx_word' id='word_1_176' title='bbox 214 3297 399 3364; x_wconf 87' lang='lat' dir='ltr'><strong>paruerunt.</strong></span> 
     </span>
    </p>

    <p class='ocr_par' dir='ltr' id='par_1_14' title="bbox 215 3386 1476 3577">
     <span class='ocr_line' id='line_1_27' title="bbox 321 3386 1476 3470; baseline -0.002 -21"><span class='ocrx_word' id='word_1_177' title='bbox 321 3389 399 3450; x_wconf 88' lang='lat' dir='ltr'><strong>Item</strong></span> <span class='ocrx_word' id='word_1_178' title='bbox 423 3409 517 3451; x_wconf 88' lang='lat' dir='ltr'><strong>cansa</strong></span> <span class='ocrx_word' id='word_1_179' title='bbox 542 3408 604 3470; x_wconf 91' lang='lat' dir='ltr'><strong>que</strong></span> <span class='ocrx_word' id='word_1_180' title='bbox 627 3389 760 3451; x_wconf 90' lang='lat' dir='ltr'><strong>vertitur</strong></span> <span class='ocrx_word' id='word_1_181' title='bbox 784 3389 866 3451; x_wconf 92' lang='lat' dir='ltr'><strong>inter</strong></span> <span class='ocrx_word' id='word_1_182' title='bbox 881 3408 1014 3450; x_wconf 85' lang='lat' dir='ltr'><strong>uxorem</strong></span> <span class='ocrx_word' id='word_1_183' title='bbox 1040 3388 1144 3451; x_wconf 89' lang='lat' dir='ltr'><strong>Pouse</strong></span> <span class='ocrx_word' id='word_1_184' title='bbox 1168 3403 1199 3451; x_wconf 87' lang='lat' dir='ltr'><strong>et</strong></span> <span class='ocrx_word' id='word_1_185' title='bbox 1222 3407 1355 3450; x_wconf 82' lang='lat' dir='ltr'><strong>uxorem</strong></span> <span class='ocrx_word' id='word_1_186' title='bbox 1372 3386 1476 3448; x_wconf 83' lang='lat' dir='ltr'><strong>Draxe</strong></span> 
     </span>
     <span class='ocr_line' id='line_1_28' title="bbox 215 3493 921 3577; baseline 0.003 -23"><span class='ocrx_word' id='word_1_187' title='bbox 215 3493 254 3554; x_wconf 91' lang='lat' dir='ltr'><strong>ad</strong></span> <span class='ocrx_word' id='word_1_188' title='bbox 281 3509 353 3556; x_wconf 92' lang='lat' dir='ltr'><strong>octo</strong></span> <span class='ocrx_word' id='word_1_189' title='bbox 379 3495 447 3556; x_wconf 89' lang='lat' dir='ltr'><strong>dies</strong></span> <span class='ocrx_word' id='word_1_190' title='bbox 471 3495 511 3556; x_wconf 95' lang='lat' dir='ltr'><strong>ad</strong></span> <span class='ocrx_word' id='word_1_191' title='bbox 535 3515 645 3576; x_wconf 89' lang='lat' dir='ltr'><strong>pacem</strong></span> <span class='ocrx_word' id='word_1_192' title='bbox 671 3508 717 3556; x_wconf 89' lang='lat' dir='ltr'><strong>est</strong></span> <span class='ocrx_word' id='word_1_193' title='bbox 741 3508 921 3577; x_wconf 88' lang='lat' dir='ltr'><strong>prorogata.</strong></span> 
     </span>
    </p>
   </div>
   <div class='ocr_carea' id='block_1_9' title="bbox 213 3615 1476 4754">
    <p class='ocr_par' dir='ltr' id='par_1_15' title="bbox 214 3615 1475 3911">
     <span class='ocr_line' id='line_1_29' title="bbox 320 3615 1475 3698; baseline -0.001 -21"><span class='ocrx_word' id='word_1_194' title='bbox 320 3618 397 3679; x_wconf 88' lang='lat' dir='ltr'><strong>item</strong></span> <span class='ocrx_word' id='word_1_195' title='bbox 423 3633 537 3679; x_wconf 91' lang='lat' dir='ltr'><strong>octavo</strong></span> <span class='ocrx_word' id='word_1_196' title='bbox 561 3617 612 3678; x_wconf 87' lang='lat' dir='ltr'><strong>die</strong></span> <span class='ocrx_word' id='word_1_197' title='bbox 643 3637 723 3679; x_wconf 85' lang='lat' dir='ltr'><strong>uxor</strong></span> <span class='ocrx_word' id='word_1_198' title='bbox 755 3617 799 3679; x_wconf 87' lang='lat' dir='ltr'><strong>St.</strong></span> <span class='ocrx_word' id='word_1_199' title='bbox 835 3615 937 3678; x_wconf 83' lang='lat' dir='ltr'><strong>fratria</strong></span> <span class='ocrx_word' id='word_1_200' title='bbox 970 3617 1133 3679; x_wconf 89' lang='lat' dir='ltr'><strong>Lourandi</strong></span> <span class='ocrx_word' id='word_1_201' title='bbox 1166 3630 1196 3678; x_wconf 92' lang='lat' dir='ltr'><strong>et</strong></span> <span class='ocrx_word' id='word_1_202' title='bbox 1219 3615 1300 3679; x_wconf 83' lang='lat' dir='ltr'><strong>Vola</strong></span> <span class='ocrx_word' id='word_1_203' title='bbox 1325 3615 1475 3698; x_wconf 92' lang='lat' dir='ltr'><strong>quitquid</strong></span> 
     </span>
     <span class='ocr_line' id='line_1_30' title="bbox 215 3720 1475 3803; baseline -0.001 -21"><span class='ocrx_word' id='word_1_204' title='bbox 215 3723 375 3784; x_wconf 90' lang='lat' dir='ltr'><strong>mediante</strong></span> <span class='ocrx_word' id='word_1_205' title='bbox 408 3737 607 3785; x_wconf 80' lang='lat' dir='ltr'><strong>sacramento</strong></span> <span class='ocrx_word' id='word_1_206' title='bbox 640 3742 751 3784; x_wconf 89' lang='lat' dir='ltr'><strong>eorum</strong></span> <span class='ocrx_word' id='word_1_207' title='bbox 789 3723 869 3783; x_wconf 89' lang='lat' dir='ltr'><strong>inter</strong></span> <span class='ocrx_word' id='word_1_208' title='bbox 899 3723 1003 3803; x_wconf 90' lang='lat' dir='ltr'><strong>ipsum</strong></span> <span class='ocrx_word' id='word_1_209' title='bbox 1038 3723 1083 3784; x_wconf 89' lang='lat' dir='ltr'><strong>St.</strong></span> <span class='ocrx_word' id='word_1_210' title='bbox 1119 3735 1150 3784; x_wconf 92' lang='lat' dir='ltr'><strong>et</strong></span> <span class='ocrx_word' id='word_1_211' title='bbox 1182 3722 1318 3784; x_wconf 87' lang='lat' dir='ltr'><strong>Paulum</strong></span> <span class='ocrx_word' id='word_1_212' title='bbox 1350 3720 1475 3782; x_wconf 77' lang='lat' dir='ltr'><strong>fabrum</strong></span> 
     </span>
     <span class='ocr_line' id='line_1_31' title="bbox 214 3827 1279 3911; baseline 0.001 -24"><span class='ocrx_word' id='word_1_213' title='bbox 214 3829 352 3889; x_wconf 86' lang='lat' dir='ltr'><strong>dixerint</strong></span> <span class='ocrx_word' id='word_1_214' title='bbox 374 3830 501 3891; x_wconf 86' lang='lat' dir='ltr'><strong>racione</strong></span> <span class='ocrx_word' id='word_1_215' title='bbox 525 3829 741 3911; x_wconf 92' lang='lat' dir='ltr'><strong>quorumdam</strong></span> <span class='ocrx_word' id='word_1_216' title='bbox 766 3828 962 3890; x_wconf 88' lang='lat' dir='ltr'><strong>florenorum</strong></span> <span class='ocrx_word' id='word_1_217' title='bbox 989 3828 1112 3889; x_wconf 91' lang='lat' dir='ltr'><strong>iusticia</strong></span> <span class='ocrx_word' id='word_1_218' title='bbox 1136 3827 1279 3889; x_wconf 85' lang='lat' dir='ltr'><strong>facietur.</strong></span> 
     </span>
    </p>

    <p class='ocr_par' dir='ltr' id='par_1_16' title="bbox 216 3931 1476 4121">
     <span class='ocr_line' id='line_1_32' title="bbox 320 3931 1476 4017; baseline -0.001 -24"><span class='ocrx_word' id='word_1_219' title='bbox 320 3933 397 3995; x_wconf 88' lang='lat' dir='ltr'><strong>Item</strong></span> <span class='ocrx_word' id='word_1_220' title='bbox 425 3935 571 4017; x_wconf 88' lang='lat' dir='ltr'><strong>Mychael</strong></span> <span class='ocrx_word' id='word_1_221' title='bbox 597 3935 698 3995; x_wconf 88' lang='lat' dir='ltr'><strong>Saffar</strong></span> <span class='ocrx_word' id='word_1_222' title='bbox 723 3947 832 3995; x_wconf 86' lang='lat' dir='ltr'><strong>contra</strong></span> <span class='ocrx_word' id='word_1_223' title='bbox 857 3934 998 3994; x_wconf 88' lang='lat' dir='ltr'><strong>relictam</strong></span> <span class='ocrx_word' id='word_1_224' title='bbox 1026 3933 1180 3994; x_wconf 88' lang='lat' dir='ltr'><strong>Bracheni</strong></span> <span class='ocrx_word' id='word_1_225' title='bbox 1204 3931 1346 3994; x_wconf 90' lang='lat' dir='ltr'><strong>secundo</strong></span> <span class='ocrx_word' id='word_1_226' title='bbox 1363 3931 1476 3993; x_wconf 88' lang='lat' dir='ltr'><strong>citatus</strong></span> 
     </span>
     <span class='ocr_line' id='line_1_33' title="bbox 216 4041 494 4121; baseline 0.007 -22"><span class='ocrx_word' id='word_1_227' title='bbox 216 4059 280 4100; x_wconf 92' lang='lat' dir='ltr'><strong>non</strong></span> <span class='ocrx_word' id='word_1_228' title='bbox 307 4041 494 4121; x_wconf 87' lang='lat' dir='ltr'><strong>comparuit.</strong></span> 
     </span>
    </p>

    <p class='ocr_par' dir='ltr' id='par_1_17' title="bbox 213 4143 1474 4332">
     <span class='ocr_line' id='line_1_34' title="bbox 322 4143 1474 4207; baseline -0.003 -2"><span class='ocrx_word' id='word_1_229' title='bbox 322 4145 399 4206; x_wconf 86' lang='lat' dir='ltr'><strong>Item</strong></span> <span class='ocrx_word' id='word_1_230' title='bbox 427 4146 501 4206; x_wconf 87' lang='lat' dir='ltr'><strong>iuan</strong></span> <span class='ocrx_word' id='word_1_231' title='bbox 527 4145 665 4206; x_wconf 90' lang='lat' dir='ltr'><strong>Plauech</strong></span> <span class='ocrx_word' id='word_1_232' title='bbox 690 4157 799 4207; x_wconf 88' lang='lat' dir='ltr'><strong>contra</strong></span> <span class='ocrx_word' id='word_1_233' title='bbox 823 4147 980 4206; x_wconf 90' lang='lat' dir='ltr'><strong>Zorenam</strong></span> <span class='ocrx_word' id='word_1_234' title='bbox 1007 4143 1147 4205; x_wconf 90' lang='lat' dir='ltr'><strong>secundo</strong></span> <span class='ocrx_word' id='word_1_235' title='bbox 1171 4143 1283 4203; x_wconf 91' lang='lat' dir='ltr'><strong>citatus</strong></span> <span class='ocrx_word' id='word_1_236' title='bbox 1299 4161 1364 4202; x_wconf 91' lang='lat' dir='ltr'><strong>nou</strong></span> <span class='ocrx_word' id='word_1_237' title='bbox 1388 4161 1474 4202; x_wconf 90' lang='lat' dir='ltr'><strong>com·</strong></span> 
     </span>
     <span class='ocr_line' id='line_1_35' title="bbox 213 4251 328 4332; baseline 0 -22"><span class='ocrx_word' id='word_1_238' title='bbox 213 4251 328 4332; x_wconf 89' lang='lat' dir='ltr'><strong>paruit.</strong></span> 
     </span>
    </p>

    <p class='ocr_par' dir='ltr' id='par_1_18' title="bbox 321 4350 1474 4431">
     <span class='ocr_line' id='line_1_36' title="bbox 321 4350 1474 4431; baseline -0.003 -15"><span class='ocrx_word' id='word_1_239' title='bbox 321 4356 397 4417; x_wconf 90' lang='lat' dir='ltr'><strong>Item</strong></span> <span class='ocrx_word' id='word_1_240' title='bbox 423 4355 569 4416; x_wconf 86' lang='lat' dir='ltr'><strong>Nedelko</strong></span> <span class='ocrx_word' id='word_1_241' title='bbox 594 4367 702 4416; x_wconf 90' lang='lat' dir='ltr'><strong>contra</strong></span> <span class='ocrx_word' id='word_1_242' title='bbox 727 4355 868 4416; x_wconf 88' lang='lat' dir='ltr'><strong>Blasium</strong></span> <span class='ocrx_word' id='word_1_243' title='bbox 893 4352 1035 4415; x_wconf 89' lang='lat' dir='ltr'><strong>secundo</strong></span> <span class='ocrx_word' id='word_1_244' title='bbox 1060 4353 1172 4414; x_wconf 91' lang='lat' dir='ltr'><strong>citatus</strong></span> <span class='ocrx_word' id='word_1_245' title='bbox 1196 4370 1261 4412; x_wconf 93' lang='lat' dir='ltr'><strong>non</strong></span> <span class='ocrx_word' id='word_1_246' title='bbox 1286 4350 1474 4431; x_wconf 89' lang='lat' dir='ltr'><strong>comparuit.</strong></span> 
     </span>
    </p>

    <p class='ocr_par' dir='ltr' id='par_1_19' title="bbox 215 4454 1473 4648">
     <span class='ocr_line' id='line_1_37' title="bbox 320 4454 1473 4542; baseline -0.005 -21"><span class='ocrx_word' id='word_1_247' title='bbox 320 4462 396 4522; x_wconf 88' lang='lat' dir='ltr'><strong>Item</strong></span> <span class='ocrx_word' id='word_1_248' title='bbox 425 4481 518 4522; x_wconf 89' lang='lat' dir='ltr'><strong>causa</strong></span> <span class='ocrx_word' id='word_1_249' title='bbox 543 4480 605 4542; x_wconf 89' lang='lat' dir='ltr'><strong>que</strong></span> <span class='ocrx_word' id='word_1_250' title='bbox 630 4462 761 4523; x_wconf 88' lang='lat' dir='ltr'><strong>vertitur</strong></span> <span class='ocrx_word' id='word_1_251' title='bbox 785 4461 866 4522; x_wconf 88' lang='lat' dir='ltr'><strong>inter</strong></span> <span class='ocrx_word' id='word_1_252' title='bbox 883 4460 1010 4520; x_wconf 90' lang='lat' dir='ltr'><strong>Petrum</strong></span> <span class='ocrx_word' id='word_1_253' title='bbox 1030 4459 1147 4540; x_wconf 79' lang='lat' dir='ltr'><strong>Loytra</strong></span> <span class='ocrx_word' id='word_1_254' title='bbox 1172 4470 1202 4517; x_wconf 90' lang='lat' dir='ltr'><strong>et</strong></span> <span class='ocrx_word' id='word_1_255' title='bbox 1219 4454 1396 4536; x_wconf 86' lang='lat' dir='ltr'><strong>Georgium</strong></span> <span class='ocrx_word' id='word_1_256' title='bbox 1413 4468 1473 4516; x_wconf 91' lang='lat' dir='ltr'><strong>sta·</strong></span> 
     </span>
     <span class='ocr_line' id='line_1_38' title="bbox 215 4565 1120 4648; baseline -0.001 -21"><span class='ocrx_word' id='word_1_257' title='bbox 215 4567 391 4628; x_wconf 86' lang='lat' dir='ltr'><strong>cionarium</strong></span> <span class='ocrx_word' id='word_1_258' title='bbox 417 4567 456 4627; x_wconf 88' lang='lat' dir='ltr'><strong>ad</strong></span> <span class='ocrx_word' id='word_1_259' title='bbox 482 4580 555 4627; x_wconf 87' lang='lat' dir='ltr'><strong>octo</strong></span> <span class='ocrx_word' id='word_1_260' title='bbox 580 4565 648 4628; x_wconf 91' lang='lat' dir='ltr'><strong>dies</strong></span> <span class='ocrx_word' id='word_1_261' title='bbox 670 4566 709 4627; x_wconf 89' lang='lat' dir='ltr'><strong>ad</strong></span> <span class='ocrx_word' id='word_1_262' title='bbox 735 4585 845 4648; x_wconf 90' lang='lat' dir='ltr'><strong>pacem</strong></span> <span class='ocrx_word' id='word_1_263' title='bbox 870 4578 916 4626; x_wconf 88' lang='lat' dir='ltr'><strong>est</strong></span> <span class='ocrx_word' id='word_1_264' title='bbox 940 4576 1120 4646; x_wconf 89' lang='lat' dir='ltr'><strong>prorogata.</strong></span> 
     </span>
    </p>

    <p class='ocr_par' dir='ltr' id='par_1_20' title="bbox 319 4665 1474 4754">
     <span class='ocr_line' id='line_1_39' title="bbox 319 4665 1474 4754; baseline -0.005 -22"><span class='ocrx_word' id='word_1_265' title='bbox 319 4673 394 4734; x_wconf 82' lang='lat' dir='ltr'><strong>ltenr</strong></span> <span class='ocrx_word' id='word_1_266' title='bbox 422 4674 527 4733; x_wconf 88' lang='lat' dir='ltr'><strong>Petres</strong></span> <span class='ocrx_word' id='word_1_267' title='bbox 551 4672 668 4754; x_wconf 89' lang='lat' dir='ltr'><strong>loripes</strong></span> <span class='ocrx_word' id='word_1_268' title='bbox 686 4686 794 4732; x_wconf 89' lang='lat' dir='ltr'><strong>contra</strong></span> <span class='ocrx_word' id='word_1_269' title='bbox 819 4671 960 4732; x_wconf 86' lang='lat' dir='ltr'><strong>relictam</strong></span> <span class='ocrx_word' id='word_1_270' title='bbox 980 4667 1172 4731; x_wconf 89' lang='lat' dir='ltr'><strong>Brodariche</strong></span> <span class='ocrx_word' id='word_1_271' title='bbox 1195 4665 1337 4729; x_wconf 87' lang='lat' dir='ltr'><strong>secundo</strong></span> <span class='ocrx_word' id='word_1_272' title='bbox 1361 4666 1474 4727; x_wconf 88' lang='lat' dir='ltr'><strong>citatus</strong></span> 
     </span>
    </p>
   </div>
   <div class='ocr_carea' id='block_1_10' title="bbox 215 4779 1386 4921">
    <p class='ocr_par' dir='ltr' id='par_1_21' title="bbox 215 4779 1386 4921">
     <span class='ocr_line' id='line_1_40' title="bbox 215 4779 1386 4921; baseline 0.003 -82"><span class='ocrx_word' id='word_1_273' title='bbox 215 4798 278 4840; x_wconf 93' lang='lat' dir='ltr'><strong>non</strong></span> <span class='ocrx_word' id='word_1_274' title='bbox 304 4779 492 4861; x_wconf 87' lang='lat' dir='ltr'><strong>comparuit.</strong></span> <span class='ocrx_word' id='word_1_275' title='bbox 1366 4860 1386 4921; x_wconf 72' lang='lat'>8</span> 
     </span>
    </p>
   </div>
   <div class='ocr_carea' id='block_1_11' title="bbox 0 0 1748 5250">
    <p class='ocr_par' dir='ltr' id='par_1_22' title="bbox 0 0 1748 5250">
     <span class='ocr_line' id='line_1_41' title="bbox 0 0 1748 5250; baseline 0 1"><span class='ocrx_word' id='word_1_276' title='bbox 0 0 1748 5250; x_wconf 95' lang='lat' dir='ltr'><strong> </strong></span> 
     </span>
    </p>
   </div>
  </div>
 </body>
</html>
