3488 5250
265 339 326 399 226
622 336 709 394 Anno
732 331 823 411 1362.
847 368 891 377 —
914 347 962 393 12.
987 335 1115 409 augusti.

370 550 448 610 Item
473 567 567 608 causa
592 566 655 628 que
679 545 812 608 vertitur
842 545 923 605 inter
947 544 1112 605 Thomam
1143 562 1296 624 magnum
1321 556 1352 605 et
1374 561 1530 623 generum

264 674 359 716 suum
383 654 423 716 ad
448 666 521 715 octo
546 652 614 714 dies
637 665 685 713 est
708 651 749 712 ad
773 669 886 732 pacem
909 662 1090 733 prorogata.

371 761 448 822 Item
472 773 587 822 octavo
612 758 664 819 die
682 757 836 820 Crisanus
852 769 961 818 contra
987 755 1064 817 luan
1083 776 1116 817 se
1139 755 1257 817 tercius
1280 754 1375 816 debet
1392 767 1530 836 prestare

264 868 480 950 juramentum
507 884 676 948 supereo,
701 863 790 946 quod
821 882 903 925 uxor
933 882 989 923 sua
1014 881 1086 922 eum
1120 881 1178 922 nec
1203 861 1272 923 eius
1303 879 1436 923 uxorem
1460 879 1530 921 ver·

212 997 215 1003 ·
264 974 413 1036 berasset.

371 1079 450 1140 Item
474 1077 551 1138 Iuan
577 1076 700 1138 Tetech
725 1089 834 1136 contra
863 1074 1034 1135 Nicolaum
1066 1073 1261 1155 organistam
1287 1049 1393 1155 primo
1417 1072 1530 1134 citatus

263 1205 329 1247 non
354 1185 543 1266 comparuit.

368 1291 448 1351 Item
474 1303 588 1351 octavo
612 1288 663 1349 die
688 1287 845 1350 Martinus
868 1300 979 1348 contra
1008 1286 1193 1366 Draganum
1226 1304 1283 1367 per
1306 1284 1470 1346 Marekam
1498 1296 1530 1345 et

265 1415 398 1458 uxorem
423 1396 515 1457 Pauli
539 1395 635 1456 Zolar
657 1394 879 1456 testimonium
903 1412 999 1474 super
1023 1391 1190 1474 vituperiis
1213 1390 1378 1473 producet.

372 1500 453 1564 Item
477 1521 570 1562 causa
595 1519 657 1581 que
682 1499 815 1561 vertitur
836 1499 919 1559 iuter
946 1499 1076 1559 Petrum
1102 1497 1214 1560 Sestak
1237 1511 1268 1558 et
1291 1496 1368 1557 luan
1390 1495 1529 1575 judicem

269 1607 393 1670 domini
418 1607 502 1668 Petri
526 1609 594 1682 (sic)
619 1619 665 1667 est
688 1605 728 1667 ad
752 1619 825 1666 octo
852 1605 919 1665 dies
943 1605 982 1665 ad
1007 1623 1120 1686 pacem
1144 1617 1325 1685 prorogata.

370 1715 449 1775 Item
473 1732 566 1775 causa
592 1712 746 1774 iohannis
768 1710 825 1773 filii
844 1711 971 1790 Cemer,
996 1710 1121 1772 Nicoiai
1146 1724 1177 1772 et
1201 1710 1308 1771 Petres
1331 1708 1371 1770 ad
1388 1709 1528 1792 prImum

267 1818 422 1903 judicium
447 1819 603 1880 adventus
634 1818 777 1879 eiusdem
812 1815 967 1878 Iohannis
999 1817 1030 1878 in
1056 1816 1247 1897 Zagrabiam
1277 1829 1323 1876 est
1347 1828 1527 1897 prorogata.

369 1926 447 1988 Item
472 1923 665 1986 Benedictus
689 1923 814 2006 Braych
847 1937 957 1984 contra
983 1923 1027 1986 St.
1052 1922 1256 2005 gladiparum
1280 1922 1385 2004 primo
1416 1922 1529 1983 citatus

265 2051 331 2093 non
363 2031 552 2113 comparuit.

371 2137 449 2198 Item
474 2135 605 2218 Gurgek
629 2149 738 2197 contra
764 2134 928 2216 GuIngam
951 2134 1094 2197 secundo
1118 2135 1233 2196 citatus
1249 2154 1315 2197 non
1339 2135 1527 2216 comparuit.

369 2242 447 2303 Item
472 2262 565 2304 causa
590 2241 745 2303 Iohannis
763 2241 896 2302 Barbati
922 2255 1031 2302 contra
1049 2239 1206 2302 famulum
1225 2261 1318 2303 suum
1342 2242 1402 2302 sub
1418 2240 1528 2324 primi·

262 2349 325 2410 tiva
351 2347 558 2410 fideiussione
582 2346 621 2409 ad
649 2347 828 2429 quiodenas
853 2348 912 2407 sub
936 2345 1038 2408 forma
1063 2348 1149 2428 pacis
1173 2361 1220 2409 est
1243 2360 1422 2429 prorogata.

367 2454 445 2515 Item
470 2468 584 2516 octavo
608 2454 660 2514 die
684 2452 830 2514 Andreas
856 2451 945 2515 faber
963 2467 1072 2514 contra
1097 2453 1240 2515 relictam
1265 2453 1456 2515 Lancholoti
1473 2473 1528 2536 per

263 2561 380 2622 Konko
411 2559 626 2638 sacerdotem,
658 2579 791 2621 uxorem
823 2560 990 2620 Michaelis
1021 2558 1101 2620 sabri
1126 2573 1157 2621 et
1183 2559 1355 2621 EIIzabeth
1380 2559 1527 2622 Latinam

261 2666 483 2728 testimonium
508 2686 603 2747 super
627 2665 680 2726 IIII
705 2664 774 2728 flor.
800 2665 966 2747 producet.

370 2771 446 2832 Item
470 2772 556 2833 Mike
574 2784 683 2833 contra
703 2771 891 2853 magistrum
914 2770 1000 2832 scole
1013 2772 1117 2852 primo
1134 2771 1247 2832 citatus
1260 2791 1324 2833 non
1339 2773 1527 2854 comparuit.

368 2877 446 2937 Item
471 2877 623 2937 Nicolaus
641 2877 766 2938 Kordar
790 2876 932 2938 secundo
953 2877 1066 2938 citatus
1089 2890 1199 2938 contra
1217 2877 1396 2939 Iohannem
1413 2878 1527 2939 stacio-

262 2983 387 3044 narium
412 3001 478 3043 non
508 2982 695 3063 comparuit.
746 3019 749 3023 ·

368 3088 446 3149 Item
472 3088 582 3150 Benko
607 3103 716 3150 contra
741 3090 836 3170 Myke
861 3089 966 3170 primo
991 3088 1103 3149 citatus
1127 3107 1193 3149 non
1217 3090 1405 3170 comparuit.

368 3193 446 3255 Item
470 3195 582 3254 Mareu
615 3207 645 3256 et
677 3194 721 3257 St.
754 3208 862 3256 contra
898 3194 1037 3254 Herxam
1069 3194 1174 3275 primo
1207 3195 1292 3255 citati
1331 3215 1395 3255 non
1439 3215 1527 3257 com·

262 3314 447 3383 paruerunt.

368 3405 446 3466 Item
470 3425 550 3466 uxor
575 3405 631 3466 filii
656 3406 733 3467 Suik
758 3407 900 3468 secundo
918 3408 1010 3468 citata
1036 3420 1145 3468 contra
1170 3407 1324 3469 Iacobum
1350 3426 1415 3469 non
1440 3427 1527 3470 com·

262 3511 376 3592 paruit.

369 3616 444 3676 Item
470 3629 585 3676 octavo
617 3615 668 3678 die
703 3618 783 3678 Kata
814 3632 923 3679 contra
960 3618 1128 3680 Mortonos
1160 3619 1342 3680 sellatorem
1367 3619 1527 3680 setercia

264 3722 360 3783 debet
384 3735 523 3802 prestare
548 3721 773 3800 juramentum.

369 3826 444 3887 Item
460 3827 583 3887 Blasius
596 3827 895 3909 Iucifiguluscontra
905 3830 1012 3912 Matey
1022 3831 1126 3909 primo
1138 3831 1251 3893 citatus
1261 3850 1325 3891 non
1337 3832 1525 3912 comparuit.

372 3931 448 3992 Item
474 3931 560 3992 idem
585 3948 693 3994 contra
711 3934 845 3995 Pausam
872 3935 976 4015 primo
1001 3935 1115 3997 citatus
1139 3956 1204 3998 non
1232 3937 1419 4017 comparuit.

368 4037 446 4098 Item
471 4052 584 4099 octavo
619 4039 670 4100 die
704 4041 861 4102 Martinus
892 4054 1002 4102 contra
1034 4042 1208 4123 quemdam
1240 4043 1445 4124 iobagionem
1470 4042 1527 4105 do·

262 4141 342 4202 mini
367 4139 473 4204 Deseu
497 4163 529 4204 se
554 4144 714 4206 secundus
739 4145 834 4208 debet
858 4161 995 4225 prestare
1020 4146 1236 4227 juramentum
1259 4167 1421 4230 supereo,
1439 4148 1526 4230 quod

261 4267 318 4329 per
342 4248 447 4329 ipsum
473 4247 567 4310 fuerit
592 4265 792 4326 cruentatus3
807 4265 837 4312 et
850 4252 964 4313 eodem
982 4252 1033 4313 die
1058 4274 1089 4313 se
1115 4254 1230 4315 tercIus
1254 4267 1363 4315 contra
1387 4255 1527 4316 eundem

263 4351 380 4433 jurabit
404 4354 491 4434 quod
517 4356 657 4435 quedam
681 4357 880 4437 manutergia
905 4370 935 4417 et
959 4359 1087 4420 flascam
1112 4379 1147 4420 ac
1172 4378 1279 4421 saccos
1303 4359 1528 4442 potencialiter

262 4477 328 4519 non
354 4459 534 4541 recepisset.

368 4564 445 4626 Item
471 4565 616 4627 Thomas
640 4567 770 4648 iobagio
788 4567 932 4629 eiusdem
957 4567 1080 4630 domini
1098 4570 1204 4631 Deseu
1222 4590 1324 4652 usque
1348 4571 1528 4653 quindenas

263 4681 373 4731 contra
398 4669 473 4731 Iuan
509 4670 707 4734 Chidaucich
740 4671 836 4734 debet
865 4687 1003 4736 statuere
1035 4676 1068 4736 in
1092 4675 1212 4756 judicio
1246 4675 1344 4738 filiam
1376 4697 1477 4756 suam,
1500 4677 1528 4740 si

263 4792 335 4834 eam
359 4776 477 4856 poterit
501 4776 655 4856 invenire,
679 4778 757 4840 alias
780 4779 975 4843 deliberatur
999 4780 1076 4862 quid
1101 4780 1156 4845 fiet
1180 4781 1268 4862 juris.
