3488 5250
577 351 663 407 Anno
686 361 778 427 1359.
806 384 849 392 —
872 347 924 410 26.
943 349 1104 424 febmarii.

316 560 392 620 Item
431 560 562 642 Kruppa
595 559 659 621 filia
692 558 766 621 God
810 572 918 620 contra
944 560 1048 621 Eliam
1080 580 1213 642 parvum
1242 562 1346 642 primo
1379 562 1472 624 citata

209 685 274 726 non
304 666 492 747 comparuit.

316 773 391 833 Item
416 792 596 853 causaque
628 773 761 834 vertitur
794 773 875 833 inter
907 772 1042 833 Paulum
1069 771 1193 832 fabrum
1227 785 1258 833 et
1281 773 1472 834 Jakmonem

208 880 425 960 apotecarium
450 879 489 940 ad
514 894 587 941 octo
612 879 680 940 dies
704 899 760 960 per
787 879 1021 939 Lancholotum
1046 893 1091 938 est
1116 890 1296 959 prorogata.

316 985 392 1046 Item
427 986 537 1046 Petrus
570 983 779 1066 Opolzauech
812 998 921 1045 contra
955 984 1150 1045 Domianum
1184 982 1326 1045 woschar
1362 985 1466 1066 primo

209 1090 321 1151 citatus
344 1111 408 1152 non
435 1091 624 1172 comparuit.

312 1197 388 1258 Item
416 1198 489 1257 Iuan
516 1195 599 1257 filius
624 1197 731 1258 Iureni
757 1211 788 1257 et
811 1196 913 1258 Vidak
938 1211 1046 1258 contra
1072 1196 1218 1258 Cernech
1246 1197 1350 1278 prImo
1385 1196 1470 1258 citati

209 1322 274 1364 non
299 1317 556 1384 comparuerunt.

314 1409 389 1470 Item
425 1409 511 1470 Elias
542 1428 658 1489 parvus
689 1408 861 1489 quemdam
892 1408 1037 1489 gladium
1067 1422 1176 1469 contra
1209 1407 1317 1469 Rados
1342 1407 1372 1467 in
1399 1427 1468 1489 pre·

207 1515 288 1575 senti
312 1514 432 1597 judicio
456 1528 593 1576 statuere
617 1515 764 1592 debebat,
790 1533 886 1595 quem
910 1516 1029 1592 statuit,
1062 1515 1131 1597 ipso
1159 1515 1267 1575 Rados
1291 1533 1355 1574 non
1381 1533 1467 1576 com·

209 1633 348 1701 parente.

313 1726 390 1788 Item
415 1727 567 1787 Nicolaus
583 1725 668 1787 filius
685 1726 761 1787 Petk
787 1739 901 1788 octavo
922 1727 973 1787 die
991 1738 1100 1788 contra
1119 1724 1295 1806 Georgium
1313 1723 1469 1786 Ztaunich

207 1845 272 1893 met
296 1832 411 1894 tercius
434 1831 536 1913 jurare
565 1845 701 1895 tenetur.

272 2052 392 2125 'sercin
421 2054 505 2124 feria
533 2055 689 2142 proxima
715 2060 792 2141 post
819 2052 942 2124 festum
969 2053 1060 2124 beati
1090 2053 1214 2123 Mathia
1243 2051 1398 2140 apostoli.

704 2204 769 2282 (26.
792 2206 966 2281 februaria).

312 2362 419 2423 Primo
445 2363 547 2424 Draxe
571 2378 680 2425 contra
704 2382 836 2424 uxorem
861 2362 965 2424 Pouse
993 2361 1135 2422 secundo
1153 2361 1265 2423 citatus
1292 2381 1356 2422 non
1382 2381 1468 2423 com·

207 2469 320 2551 paruit.

312 2575 388 2636 Item
414 2575 592 2637 Domianus
616 2596 714 2658 gener
739 2576 892 2637 Pechiclre
922 2589 1031 2636 contra
1063 2574 1139 2635 Iuan
1165 2572 1301 2654 GaIgam
1327 2573 1468 2634 secundo

207 2680 319 2741 citatus
343 2701 408 2742 uon
433 2682 622 2763 comparuit.

312 2786 388 2847 Item
414 2787 579 2848 Emericus
597 2787 739 2848 Kochich
765 2801 874 2849 contra
892 2787 1062 2848 Nicolaum
1087 2786 1188 2849 filium
1207 2786 1348 2868 Jurizlay
1365 2786 1469 2867 primo

208 2892 320 2954 citatus
345 2912 408 2953 nou
434 2893 623 2974 comparuit.

312 2999 387 3059 Item
414 2999 500 3060 Elias
524 3019 640 3080 parvus
664 3013 771 3059 contra
799 2999 906 3060 IIados
931 2999 1037 3080 primo
1060 2999 1250 3059 citatusnon
1279 2998 1469 3079 comparuit.

310 3105 388 3167 Item
416 3105 523 3166 Petres
546 3105 664 3186 loripes
689 3118 797 3165 contra
823 3105 1058 3185 Margaretham
1092 3103 1328 3185 Brodarycham
1362 3103 1466 3183 prImo

207 3210 319 3271 citatus
344 3230 407 3271 non
434 3210 621 3292 comparuit.

312 3318 388 3378 Item
421 3317 613 3378 Benedictus
644 3315 772 3397 sellipar
803 3330 912 3377 contra
946 3314 1080 3376 Iuchech
1112 3316 1217 3396 primo
1253 3315 1365 3376 citatus
1400 3335 1465 3376 non

207 3423 396 3504 comparuit.

311 3529 388 3590 Item
402 3528 569 3610 Philippus
582 3527 731 3605 carnifex,
741 3528 872 3589 nomine
885 3528 1002 3604 Petres,
1019 3526 1306 3588 contraNicolaum
1321 3527 1466 3587 Todcam

206 3633 341 3695 adorto
366 3634 433 3695 dies
457 3635 576 3717 recepit
599 3635 772 3695 terminum
796 3633 835 3695 ad
862 3631 1137 3714 respondendum.

312 3741 388 3801 Item
414 3738 572 3820 Georgius
596 3738 679 3801 filius
705 3739 845 3802 Prenarii
870 3752 980 3800 contra
1004 3740 1201 3801 Borouinam
1226 3738 1331 3820 primo
1355 3738 1467 3800 citatus

207 3866 271 3907 non
296 3847 484 3927 comparuit.

311 3952 388 4013 Item
413 3972 506 4013 causa
531 3972 593 4033 que
617 3953 748 4014 vertitur
774 3952 854 4013 inter
872 3950 1062 4013 Michaelem
1081 3949 1210 4031 HudIep
1234 3964 1265 4011 et
1288 3949 1467 4011 Iohannem

205 4057 306 4119 filium
333 4058 500 4119 Laurencii
526 4058 565 4118 ad
591 4056 701 4119 feriam
726 4071 846 4118 sextam
871 4071 917 4118 est
939 4067 1121 4138 prorogata.

311 4164 387 4224 Item
413 4162 550 4224 Michael
575 4162 675 4224 Saffar
691 4176 800 4224 contra
824 4162 966 4223 relictam
992 4160 1117 4221 Brateni
1137 4160 1241 4240 primo
1265 4161 1378 4222 citatus
1402 4181 1466 4221 non

175 4269 396 4351 'mmmmm

312 4376 389 4436 Item
415 4375 560 4437 Nedelko
585 4391 693 4437 contra
713 4375 853 4436 Blasium
879 4375 982 4457 primo
1007 4375 1121 4436 citatus
1144 4395 1207 4436 non
1234 4373 1421 4454 comparuit.

313 4483 389 4542 Item
424 4495 537 4542 octavo
569 4482 621 4543 die
654 4481 814 4542 Iohannes
844 4480 930 4542 filius
951 4480 1069 4542 Cemer
1100 4494 1209 4543 contra
1242 4479 1377 4541 Paulum
1401 4477 1466 4560 pic·

205 4601 305 4648 torem
331 4608 387 4669 per
412 4587 456 4649 St.
482 4601 512 4648 et
546 4588 674 4649 Petrum
707 4606 802 4668 super
833 4587 1085 4648 acomodacIone
1116 4586 1212 4647 unius
1242 4584 1353 4646 floreni
1380 4584 1466 4645 testi·

207 4694 352 4754 monium
378 4693 553 4776 producere
577 4705 713 4756 tenetur.

312 4799 388 4859 Item
414 4799 581 4860 Emericus
604 4811 713 4859 contra
739 4797 923 4859 Farkasium
942 4798 1046 4881 primo
1063 4797 1176 4859 citatus
1192 4816 1258 4859 non
1277 4794 1466 4879 comparuit.
