3488 5250
616 340 702 396 Anno
725 336 816 414 1362.
840 372 883 382 —
906 352 957 399 20.
982 337 1144 398 decembn's.
1462 357 1522 419 253

258 549 374 611 eodem
398 549 450 609 die
474 567 507 609 se
539 549 656 610 tercius
686 548 803 630 jurabit
834 548 923 629 quod
955 549 1097 629 quodam
1129 549 1241 609 vinum
1273 563 1303 609 et
1332 548 1459 610 milium
1484 547 1524 609 ad

258 656 391 717 domum
416 675 507 717 suam
532 655 572 717 de
596 655 748 717 mandato
772 674 831 716 suo
856 668 1059 738 apportatum
1085 675 1150 716 non
1175 653 1296 716 fuisset.

433 890 531 964 Feria
561 893 668 962 tercia
695 893 850 979 proxima
878 897 957 961 ante
984 890 1107 962 festum
1136 889 1347 962 Nativitatis.

768 1044 831 1120 (20.
855 1043 1012 1119 dcembrr's).

364 1184 473 1245 PrImo
499 1203 592 1244 causa
613 1182 717 1265 Frych
741 1196 850 1244 contra
881 1181 1004 1243 Henrih
1037 1181 1162 1243 Drobar
1194 1181 1234 1242 ad
1259 1179 1373 1242 feriam
1403 1195 1524 1243 sextam

258 1290 368 1351 estad
392 1308 503 1371 pacem
529 1302 711 1371 prorogata.

363 1396 441 1457 Item
467 1394 544 1456 feria
568 1409 654 1456 sexta
680 1395 820 1476 Kyrinus
844 1413 877 1454 se
909 1393 1068 1455 secundus
1101 1408 1211 1455 contra
1235 1392 1416 1454 Iohannem
1442 1393 1525 1454 Lau-

258 1502 356 1562 rencii
389 1501 524 1579 iurabit,
556 1500 644 1582 quod
677 1500 744 1582 ipse
775 1520 833 1561 nec
866 1499 1017 1560 animalia
1048 1519 1105 1560 sua
1134 1499 1193 1560 sibi
1231 1499 1263 1559 in
1296 1513 1366 1560 orto
1398 1498 1526 1559 nullum

259 1607 435 1690 dampnum
462 1606 665 1669 Intullissent.

364 1712 442 1774 Item
456 1732 550 1774 causa
568 1712 594 1773 J.
611 1711 668 1773 filii
687 1711 866 1789 LaurenciI,
884 1711 1098 1794 procuratoris
1115 1712 1141 1772 J.
1159 1709 1217 1770 filii
1235 1708 1401 1789 Anthonii,
1415 1721 1525 1770 contra

259 1819 432 1881 MartInum
459 1818 594 1900 Reyniz,
619 1832 683 1879 tam
712 1819 744 1878 in
769 1816 852 1879 Iacto
871 1818 1040 1879 iuramenti
1063 1836 1160 1898 quam
1188 1817 1220 1876 in
1244 1814 1327 1877 facto
1351 1816 1461 1894 lectus,
1485 1815 1525 1876 ad

259 1925 400 2006 primum
425 1925 580 1986 iudicium
605 1938 677 2006 post
700 1923 815 1985 festum
841 1923 1021 2006 Epiphanie
1046 1938 1092 1985 est
1117 1937 1298 2005 prorogata.

368 2031 444 2092 Item
471 2050 564 2091 causa
589 2030 717 2111 Dragan
742 2029 928 2091 ioculatoris
952 2043 1061 2091 contra
1079 2030 1169 2091 Mark
1193 2042 1225 2089 et
1248 2026 1339 2089 filum
1364 2028 1456 2089 Bobk
1480 2040 1527 2088 est

259 2136 299 2197 ad
323 2137 464 2218 primum
490 2135 645 2197 Iudicium
669 2134 709 2196 ad
734 2154 846 2217 pacem
872 2148 1053 2217 prorogata.

365 2261 443 2320 Item
467 2258 630 2320 Iohannes
648 2259 814 2319 Laureucii
841 2271 871 2320 et
897 2258 1008 2320 Petrus
1025 2259 1100 2320 Jaxe
1117 2273 1212 2321 testes
1228 2279 1284 2341 per
1308 2258 1412 2321 filium
1428 2259 1525 2320 Dam-

260 2365 348 2446 piani
373 2379 482 2426 contra
507 2364 720 2425 LaurencIum
745 2363 884 2424 Vardich
920 2364 1079 2445 producti,
1110 2365 1217 2426 taliter
1240 2363 1448 2426 testificarunt
1478 2363 1525 2444 ju-

259 2472 329 2550 rati,
354 2471 441 2552 quod
467 2483 553 2532 certo
578 2470 725 2532 dicante
751 2469 868 2532 festum
894 2470 976 2531 beati
1002 2469 1168 2532 Michaelis
1197 2471 1308 2532 Mareu
1332 2470 1527 2531 subsoliator

258 2591 289 2639 et
313 2578 379 2658 ipse
394 2576 588 2637 Laurentius
605 2576 637 2637 in
662 2576 728 2637 acie
753 2574 813 2637 Iori
831 2590 1062 2657 comparentes,
1079 2590 1110 2637 et
1130 2577 1301 2657 requisitus
1318 2576 1384 2658 ipse
1413 2576 1524 2637 Mareu

260 2683 299 2743 de
324 2702 401 2763 pace
426 2681 575 2743 dixisset:
600 2681 688 2762 quod
716 2681 921 2759 discordiam,
946 2700 1043 2763 quam
1068 2702 1139 2743 cum
1173 2682 1243 2764 ipso
1269 2683 1447 2744 Laurencio
1472 2682 1526 2743 ha-

261 2788 379 2849 buisset
409 2802 440 2849 et
464 2788 508 2849 eis
532 2788 659 2869 penitus
682 2787 874 2865 indulsisset,
896 2807 1037 2848 asserens
1066 2789 1185 2849 eciam:
1210 2789 1236 2849 si
1261 2789 1377 2850 vulnus
1403 2787 1523 2867 fuisset,

260 2894 300 2955 ad
325 2894 467 2976 ipsorum
493 2892 679 2953 instanciam
705 2892 897 2973 indulgeret,
922 2912 986 2954 non
1011 2907 1135 2955 tantum
1161 2894 1365 2956 discordiam.

366 2999 444 3060 Item
469 2999 574 3080 primo
599 2999 719 3060 iudicio
745 2999 890 3059 Andreas
916 2997 1004 3068 faber
1027 3013 1137 3061 contra
1155 3000 1284 3061 Kokoth
1309 3001 1527 3083 respondebit.

367 3105 444 3165 Item
469 3124 562 3164 causa
586 3124 648 3185 que
665 3105 798 3165 vertitur
822 3104 905 3166 inter
921 3105 1024 3165 Kozel
1048 3118 1079 3166 et
1104 3104 1234 3166 Kokoth
1259 3118 1305 3166 est
1328 3106 1368 3167 ad
1386 3107 1527 3189 primum

260 3211 415 3273 iudicium
442 3210 482 3270 ad
507 3230 618 3292 pacem
642 3224 823 3292 prorogata.

366 3317 443 3377 Item
468 3316 612 3377 Andreas
637 3315 725 3377 faber
748 3329 858 3378 contra
880 3315 1019 3378 Grecam
1044 3318 1148 3399 primo
1173 3318 1293 3380 iudicio
1310 3318 1526 3401 respondebit.

367 3421 444 3483 Item
470 3421 577 3503 Matey
594 3435 682 3482 sutor
706 3437 815 3482 contra
833 3421 975 3483 relictam
1002 3423 1077 3483 Iuan
1102 3423 1233 3505 IorIpari
1257 3425 1400 3486 secundo
1415 3425 1528 3486 citatus

261 3547 326 3588 nou
354 3527 542 3609 comparuit.

367 3632 445 3694 Item
477 3652 571 3693 causa
605 3632 687 3694 Petri
720 3631 875 3694 carnificis
909 3647 1018 3695 contra
1051 3635 1207 3696 Jacobum
1240 3649 1286 3696 est
1317 3635 1356 3696 ad
1388 3637 1527 3718 primum

262 3737 415 3799 iudicium
442 3751 623 3819 prorogata.

368 3843 445 3905 Item
470 3844 600 3906 Hothen
625 3860 733 3906 contra
759 3844 901 3907 Coruem
919 3846 957 3906 N.
983 3845 1087 3926 prImo
1110 3846 1223 3908 citatus
1247 3867 1311 3909 non
1337 3850 1527 3930 comparuit.

368 3949 445 4011 Item
471 3970 564 4011 causa
589 3950 808 4012 Bartholomei
832 3949 912 4012 labri
937 3965 968 4012 et
993 3952 1031 4012 N.
1055 3951 1146 4014 Iokar
1170 3953 1209 4013 ad
1235 3952 1320 4013 diem
1345 3968 1527 4035 presentem

262 4054 302 4115 ad
327 4075 438 4137 pacem
464 4055 567 4117 fuerat
590 4071 771 4138 prorogata,
796 4057 852 4137 qui
870 4057 908 4118 N.
934 4057 1113 4136 comparuit
1138 4071 1168 4118 et
1192 4057 1438 4120 Bartholomeus
1462 4079 1528 4122 non

262 4160 349 4221 venit
370 4181 427 4221 nec
452 4162 536 4223 misit
561 4176 647 4222 actor
672 4163 819 4223 existens.

310 4323 325 4355 ⁸
369 4267 446 4328 Item
471 4286 564 4329 causa
590 4269 628 4329 N.
654 4268 822 4328 Januensis
855 4281 886 4328 et
919 4268 1021 4329 Draxe
1046 4269 1086 4329 ad
1117 4270 1258 4351 primum
1290 4269 1447 4331 Iudicium
1471 4290 1528 4352 per

264 4370 432 4450 dominum
458 4373 491 4433 Ρ.
518 4373 635 4453 Ligerii
662 4388 708 4434 est
733 4389 912 4455 prorogata.

369 4477 448 4538 Item
472 4497 566 4538 causa
591 4477 722 4558 Georgii
758 4479 854 4540 Zolar
886 4494 995 4541 contra
1029 4478 1178 4540 Gedruch
1205 4491 1235 4540 et
1268 4478 1345 4540 Iuan
1369 4479 1409 4540 ad
1442 4479 1528 4541 diem

263 4596 442 4667 presentem
465 4583 505 4644 ad
523 4604 632 4665 pacem
657 4598 724 4645 erat
739 4598 920 4666 prorogata,
944 4600 976 4646 et
999 4598 1086 4646 actor
1103 4605 1167 4647 non
1192 4587 1279 4647 venit
1303 4585 1342 4646 ad
1367 4585 1528 4666 agendum

266 4690 415 4751 videlicet
440 4688 480 4752 G.
