3488 5250
628 334 828 415 Asso1365.
851 371 895 383 -
917 351 970 414 29.
994 338 1123 412 armti.
1444 353 1507 417 339

350 547 429 612 ltsm
452 567 547 611 causs
569 567 633 630 que
665 547 799 611 vertitur
830 547 912 610 inter
935 547 1040 611 Vsuse
1063 545 1244 610 carnificem
1275 560 1306 610 st
1329 546 1444 629 Artuig
1467 547 1508 610 ad

244 655 386 740 primum
409 654 564 736 judicium
588 668 636 716 est
663 653 885 719 determinata.

349 760 430 823 ltem
454 761 535 823 Zore
559 774 670 823 contre
693 759 824 823 Petrum
856 759 985 823 fretrem
1009 779 1104 822 suum
1128 760 1230 842 prims
1261 760 1417 824 citatione
1441 778 1508 822 non

241 866 434 950 comperuit

351 971 430 1036 ltsm
453 970 576 1035 Obrsm
600 971 696 1034 Zolar
718 983 830 1034 contra
854 971 1026 1039 Millinum
1049 970 1192 1034 secundo
1209 971 1322 1034 citatus
1337 991 1403 1034 non
1420 990 1509 1035 com·

245 1093 361 1164 paruit.

352 1184 431 1248 ltem
455 1182 649 1247 benedictus
674 1183 805 1247 sellatos
829 1183 869 1245 ed
898 1195 971 1245 octo
997 1182 1068 1246 dies
1086 1195 1213 1246 tenetur
1239 1184 1376 1266 probsre
1399 1198 1508 1247 contra

243 1291 414 1374 Alspscam
437 1309 533 1371 super
553 1288 712 1371 turpibus.

352 1396 430 1459 ltem
453 1395 529 1478 quia
554 1395 707 1458 Nicolaus
723 1393 850 1458 Kordsr
873 1394 905 1456 in
929 1394 1027 1457 tercie
1047 1394 1204 1457 citscione
1227 1413 1293 1456 non
1317 1395 1509 1478 comparuit,

246 1502 322 1566 ideo
346 1501 439 1583 jurati
464 1500 732 1579 deliberaverunt,
760 1513 796 1564 ut
812 1499 976 1582 ·quitquid
999 1500 1157 1564 Martinus
1185 1499 1317 1563 selletor
1340 1500 1381 1562 sd
1412 1499 1509 1563 fidem

247 1607 402 1690 reciperet
425 1620 491 1669 tam
515 1605 555 1668 de
580 1605 745 1688 vituperiis
769 1624 867 1686 quam
898 1604 937 1666 de
968 1605 1191 1668 destruccione
1213 1605 1431 1687 quorumdam
1460 1627 1510 1669 sr-

246 1713 362 1776 borum
392 1710 610 1792 fructiferum,
641 1711 738 1793 igitur
768 1711 855 1773 idem
879 1711 920 1775 N.
951 1730 1054 1793 usque
1076 1711 1163 1773 diem
1194 1711 1438 1793 quindecimum
1470 1712 1510 1774 de

246 1819 398 1881 omnibus
421 1831 547 1881 tenetur
569 1815 759 1879 satisfacere.

353 1925 432 1989 ltsm
455 1925 592 2007 Alspecs
616 1937 741 1985 tenetur
763 1937 831 1985 met
853 1921 975 2005 (tarcis)
999 1921 1103 2004 jurare
1123 1936 1234 1987 contre
1258 1922 1510 1989 Benedicturn..

246 2050 343 2114 super
367 2042 499 2111 argento
523 2029 700 2092 valente..

249 2266 347 2353 Nota,
371 2265 458 2358 quot
478 2273 578 2338 sexta
596 2265 683 2337 feria
696 2265 852 2354 proxima
871 2271 949 2354 post
967 2271 1108 2336 octavas
1126 2266 1215 2336 beati
1234 2264 1393 2355 Stephani
1413 2235 1513 2354 tells.

759 2429 825 2492 (29.
848 2415 990 2494 augam).

356 2557 434 2619 ltem
456 2575 552 2618 csuss
575 2573 639 2638 qus
662 2554 795 2619 vertitur
819 2554 902 2618 inter
925 2552 1060 2617 luclsscls
1089 2555 1336 2633 tabemstorem‚
1366 2569 1403 2617 ut
1426 2569 1512 2617 acto·

247 2681 315 2725 rem
339 2675 429 2745 parte
453 2663 494 2724 sb
515 2681 592 2740 uns,
627 2661 704 2724 item
728 2659 909 2723 lohsonsm
934 2659 1022 2726 Puch
1050 2660 1083 2723 in
1117 2678 1247 2722 causam
1277 2672 1447 2724 attractum
1471 2661 1512 2723 sb

248 2767 357 2844 altera,
381 2787 476 2851 super
507 2767 635 2829 duobus
666 2766 869 2845 vulneribus,
901 2785 963 2847 que
994 2765 1126 2847 quidem
1159 2785 1253 2828 causa
1277 2785 1333 2849 per
1362 2780 1458 2829 testes
1481 2781 1514 2831 st

248 2873 335 2935 viros
358 2873 504 2951 idoneos,
528 2872 696 2935 videlicet:
720 2871 874 2953 Egidium
905 2872 1104 2936 sacerdotem
1129 2885 1160 2934 et
1190 2870 1237 2934 St.
1260 2869 1364 2934 filium
1389 2871 1513 2951 Koche,

250 2976 380 3061 juratos,
404 2976 465 3040 fuit
488 2991 659 3060 protestata
677 2977 792 3054 taliter,
817 2976 904 3058 quod
930 2977 996 3059 ipse
1013 2976 1176 3041 lohannes
1189 2977 1276 3040 Puch
1299 2977 1441 3059 quadem
1459 2978 1513 3042 die

250 3084 283 3148 in
307 3083 447 3166 quadem
482 3086 614 3147 taberne
638 3083 743 3166 ipsum
772 3082 909 3146 Iucbech
942 3082 1070 3145 duobus
1099 3083 1288 3145 vulneribus
1316 3083 1515 3146 vulnerasset

248 3190 348 3252 nullis
372 3189 474 3271 culpis
498 3190 597 3272 ipsius
621 3189 732 3251 lucech
758 3189 968 3269 exigentibus.

354 3296 433 3360 Item
458 3296 628 3377 assumpsit
655 3294 909 3373 confraternitas,
941 3295 1031 3377 quod
1063 3313 1165 3376 usque
1195 3292 1312 3358 festum
1343 3295 1429 3358 beati
1454 3295 1513 3357 Mi·

246 3401 368 3467 chsslis
388 3400 585 3483 archangeli,
598 3405 707 3484 Aruey
723 3400 824 3463 sutori
846 3399 925 3463 duas
945 3419 1067 3462 marces
1090 3399 1297 3462 denariorum
1320 3419 1379 3483 pro
1402 3399 1514 3463 debito

250 3507 378 3569 Miklini
403 3505 573 3589 pannicide
604 3505 773 3587 persolvet.

355 3612 434 3675 l'tem
459 3611 611 3675 Drussins
633 3625 746 3675 contre
780 3611 973 3674 Michaelem
1005 3611 1197 3693 Hungsrum
1226 3611 1329 3694 prims
1357 3610 1514 3673 citacione

249 3737 315 3780 non
339 3717 529 3799 comparuit.

356 3823 435 3885 Item
460 3842 552 3884 causa
577 3841 640 3904 que
664 3822 798 3884 vertitur
827 3820 910 3883 inter
941 3824 1112 3884 Marenum
1136 3821 1231 3883 Zolar
1262 3834 1293 3882 et
1317 3820 1445 3882 Petrum
1469 3819 1514 3880 f·

250 3931 344 3995 brom
369 3928 411 3992 sd
434 3943 509 3991 octo
532 3929 602 3991 dies
625 3941 673 3990 est
696 3942 822 4010 recepta
846 3928 887 3991 sd
914 3948 1040 4011 pacem.

356 4034 434 4095 ltem
453 4034 589 4096 ancech
615 4033 655 4095 sd
671 4034 811 4116 primum
828 4032 986 4117 Judicium
1003 4049 1114 4096 contra
1131 4033 1301 4096 Nicolaum
1318 4031 1516 4094 aurifabrum

248 4152 376 4203 tenetur
400 4139 604 4225 respondere.

359 4246 438 4308 ltem
463 4246 571 4307 relicta
595 4244 729 4307 Hanche
760 4245 931 4306 monetarii
961 4258 1087 4307 tenetur
1117 4245 1241 4307 solvere
1265 4244 1306 4306 ad
1329 4243 1516 4328 quindecim
1637 4295 1641 4301 .

250 4351 319 4413 dies
343 4370 443 4414 unum
467 4351 588 4412 monile
612 4350 794 4432 ponderans
818 4349 929 4413 decem
954 4364 985 4413 et
1008 4364 1081 4415 octo
1113 4350 1258 4432 pondera
1289 4369 1362 4413 cum
1394 4349 1515 4411 labore.

357 4457 437 4519 ltem
462 4457 572 4519 Mareu
597 4448 736 4518 carnifei
756 4470 866 4519 contra
891 4455 1110 4519 Simonem..
1135 4456 1175 4517 sd
1199 4469 1272 4518 octo
1296 4455 1364 4517 dies
1387 4468 1515 4516 tenetur

249 4562 488 4647 perhemptorie
512 4561 717 4646 respondere.

359 4668 437 4730 Item
462 4667 581 4750 Stepan
605 4665 846 4729 molendinator
862 4679 973 4729 contra
989 4665 1132 4729 Kussech
1156 4665 1297 4729 secundo
1314 4666 1427 4728 citatus
1451 4685 1517 4729 non

253 4773 445 4856 comparuit.
