3488 5250
250 466 468 474 —.-——-..

251 590 324 631 cum
348 571 516 652 Dyooisio‚
541 571 667 632 Mikech
692 585 723 631 et
746 574 833 631 Aclta
851 585 963 633 contra
981 571 1126 633 Hermen
1152 585 1304 634 sartorem
1324 591 1419 653 super
1436 571 1521 635 facto

257 676 416 758 vituperii.

364 783 442 843 ltem
467 782 627 843 Henricus
651 780 783 863 pellifex
807 795 917 844 contra
942 783 1115 845 Drusinam
1147 783 1250 864 prima
1274 782 1429 843 citacione
1455 802 1520 844 non

252 889 447 969 comparuit.

363 995 438 1055 Item
465 994 572 1055 Endre
590 1007 621 1054 et
637 993 775 1054 Michael
792 990 872 1053 fabri
898 1007 1007 1055 contra
1024 994 1195 1055 Nicolaum
1214 995 1405 1075 Hungarum
1418 996 1521 1076 prima

258 1101 413 1162 citacione
437 1120 502 1162 non
527 1112 784 1182 comparuerunt.

361 1206 440 1268 ltem
464 1205 598 1267 Velinus
622 1203 752 1287 pellifex
776 1204 827 1265 die
852 1218 966 1265 octavo
991 1205 1087 1267 debet
1104 1205 1207 1286 jurare
1232 1220 1341 1267 contra
1366 1206 1522 1268 Poteltam

257 1331 351 1394 super
376 1312 485 1372 debito
510 1312 604 1372 unius
629 1309 741 1371 floreni
766 1330 839 1371 cum
864 1309 984 1371 medio.

362 1417 440 1479 ltem
465 1416 683 1478 Lancholotus
715 1429 824 1477 contra
856 1416 1030 1477 Martinum
1063 1416 1241 1478 institorem
1275 1416 1416 1478 secunda
1448 1417 1523 1477 cita-

260 1523 351 1584 cione
374 1543 438 1584 non
464 1522 652 1603 comparuit.

364 1629 442 1690 ltem
467 1628 640 1690 Merclinua
663 1640 753 1689 sutor
768 1640 878 1689 contra
903 1626 1115 1710 Meynardum
1134 1627 1229 1689 debet
1246 1628 1296 1689 die
1322 1642 1435 1690 octavo
1452 1646 1522 1709 per-

261 1735 440 1817 hemptorie
464 1753 659 1816 comparere.

362 1841 442 1902 ltem
464 1841 580 1921 Artuig
605 1853 714 1901 contra
737 1837 889 1900 Anchech
923 1835 1119 1899 aurifabrum
1143 1838 1246 1918 prima
1278 1839 1433 1900 citacione
1458 1856 1524 1899 non

258 1947 446 2029 comparuit.

365 2053 444 2114 ltem
468 2049 553 2113 lilius
584 2050 729 2113 Pezdech
763 2063 873 2112 contra
906 2049 1049 2111 relictam
1081 2048 1249 2112 Chernech
1280 2050 1420 2112 secunda
1447 2049 1522 2112 cita·

259 2159 350 2222 cione
375 2178 440 2220 non
465 2158 654 2239 comparuit.

364 2265 441 2325 ltem
464 2263 548 2325 lwan
579 2262 663 2324 lilius
695 2261 840 2324 Pezdech
874 2275 984 2323 contra
1017 2262 1107 2323 Mark
1136 2262 1239 2344 prima
1271 2262 1426 2324 citacione
1458 2281 1524 2323 non

259 2370 448 2452 comparuit.

366 2475 444 2536 ltem
469 2474 578 2537 relicta
616 2474 767 2557 Symonis
802 2488 911 2535 contra
946 2473 1156 2534 Benedictum
1195 2472 1334 2535 secunda
1370 2472 1525 2534 citatione

259 2599 325 2642 non
349 2581 538 2662 comparuit.

364 2686 440 2747 ltem
466 2687 640 2747 Krauturm
664 2700 773 2747 contra
799 2683 977 2765 Georgium
1001 2685 1141 2746 secunda
1165 2685 1320 2747 citacione
1345 2704 1410 2745 non
1433 2703 1526 2746 com·

260 2791 374 2873 paruit.

365 2897 444 2958 ltem
466 2897 648 2958 Demetrius
665 2912 774 2958 contra
792 2894 938 2957 Matheus
954 2895 1057 2976 prima
1075 2895 1230 2956 citacione
1248 2915 1314 2957 non
1331 2895 1525 2978 comparuit.

366 3001 443 3063 ltem
468 3001 614 3063 Thomas
638 3016 747 3064 contra
771 3001 898 3063 Mikech
923 3000 1024 3061 filium
1051 3001 1179 3061 Martini
1204 3001 1342 3062 secunda
1367 3000 1526 3062 citacione

263 3126 328 3168 non
357 3108 545 3188 comparuit.
1130 3175 1134 3185 ,

367 3213 445 3274 ltem
470 3213 580 3273 Petrus
604 3225 713 3274 contra
738 3213 877 3273 eundem
893 3212 996 3293 prima
1021 3212 1176 3273 citacione
1202 3231 1265 3273 non
1291 3211 1481 3293 comparuit.

366 3318 445 3379 ltem
470 3318 603 3379 Velinus
621 3317 752 3400 pellifex
777 3316 854 3379 feria
869 3318 967 3380 tercia
985 3316 1080 3378 debet
1097 3317 1274 3398 producere
1299 3318 1365 3379 Juri
1383 3329 1527 3378 sutorem

265 3436 295 3486 et
318 3424 488 3486 Nicolaum
514 3424 638 3486 Cordar
661 3425 875 3487 victimatores
899 3438 1009 3485 contra
1033 3423 1244 3486 Demetrium.

370 3530 447 3592 ltem
473 3531 583 3592 Maren
608 3530 659 3590 die
684 3543 798 3591 octavo
828 3529 923 3590 debet
955 3529 1057 3610 jurare
1090 3543 1198 3590 contra
1223 3529 1429 3590 leonardum
1463 3543 1528 3590 met

267 3635 426 3696 secundus
448 3655 543 3717 super
560 3685 567 3698 .
585 3681 593 3696 .
611 3681 618 3696 .

368 3740 447 3801 ltem
472 3741 635 3802 lohannes
658 3741 797 3802 inclinus
819 3739 959 3801 filiorum
977 3739 1101 3800 domini
1126 3738 1273 3821 Dyonisii
1299 3740 1330 3799 in
1356 3737 1529 3818 quindenis

262 3846 357 3908 debet
381 3845 505 3907 solvere
529 3846 663 3907 domino
688 3845 814 3907 Mikech
839 3845 1043 3907 medietatem
1076 3845 1289 3926 percussionis
1314 3843 1455 3905 hominis
1480 3863 1528 3904 se·

263 3951 404 4011 cundum
429 3951 645 4033 privilegium.

367 4057 445 4117 ltem
471 4057 593 4139 Symon
619 4057 694 4138 quia
718 4058 814 4119 tercia
841 4056 996 4118 citacione
1029 4074 1094 4116 non
1125 4056 1305 4138 comparuit
1329 4053 1407 4115 feria
1431 4055 1529 4115 tercia

262 4161 357 4222 debet
381 4181 568 4243 comparere
592 4182 667 4224 cum
690 4162 821 4243 judicio,
846 4163 871 4224 si
896 4182 973 4223 vero
998 4161 1107 4222 venire
1136 4162 1287 4239 noluerit,
1312 4174 1427 4222 extunc
1445 4160 1528 4240 quit·

263 4267 341 4348 quid
366 4267 451 4328 idern
477 4268 504 4329 J.
528 4286 623 4350 super
646 4289 737 4330 suam
762 4269 997 4331 conscienciam
1028 4268 1185 4348 reciperit,
1211 4267 1357 4329 similiter
1381 4286 1452 4327 cum
1482 4264 1530 4346 ju·

264 4371 348 4435 dicio
372 4373 497 4434 solvere
521 4374 690 4435 tenebitur.

370 4479 447 4540 ltem
472 4481 498 4540 J.
532 4478 618 4541 Poch
653 4480 728 4560 quia
758 4481 855 4541 tercia
889 4480 1043 4541 citacione
1076 4498 1141 4539 non
1173 4479 1353 4560 comparuit
1384 4476 1531 4539 similiter

264 4598 373 4646 contra
399 4584 608 4668 Stephanum.

368 4690 448 4750 ltern
473 4692 584 4752 Maren
607 4705 717 4753 contra
742 4691 919 4773 Symonem
944 4691 1143 4753 sacerdotem
1170 4688 1326 4752 similiter.

371 4795 450 4857 ltem
475 4794 560 4857 filius
583 4796 728 4858 Pezdech
753 4809 864 4859 contra
887 4796 1017 4877 Dragen
1041 4795 1198 4858 similiter.
