3488 5250
263 351 325 414 320
623 332 822 411 Ann01363.
845 369 889 378 —
908 348 957 394 21.
981 336 1151 397 novembris.

367 543 445 605 Item
469 563 562 605 causa
588 543 753 605 Michaelis
777 544 894 605 sutoris
927 558 1035 606 contra
1061 545 1150 606 Kurk
1181 546 1291 608 estad
1322 547 1522 629 posicionem

263 649 400 711 racionis
424 649 506 711 inter
530 663 635 731 partes
659 647 837 711 faciendam
862 649 902 711 ad
927 662 999 712 octo
1024 649 1092 712 dies
1114 666 1296 733 prorogata.

369 755 446 816 Item
469 768 584 815 octavo
609 754 661 816 die
684 754 800 836 jurabit
834 755 946 817 Petrus
974 755 1104 837 piliator
1127 771 1235 819 contra
1260 757 1433 838 quemdam
1457 761 1523 818 An·

261 860 409 923 thunium
435 880 530 942 super
554 860 682 921 LXXIII
707 860 844 922 denariis
872 861 960 942 quod
984 880 1040 923 eoa
1063 880 1128 923 non
1152 863 1383 944 perservirerit.

368 965 446 1028 Item
471 965 596 1027 Blasius
618 979 719 1027 sartor
739 978 851 1028 contra
875 965 1037 1028 Andream
1059 965 1185 1029 fabrum
1209 967 1249 1029 ad
1274 982 1347 1030 octo
1371 968 1440 1029 dies
1460 981 1521 1029 ter·

263 1072 387 1134 mittum
412 1071 531 1153 recepit
558 1070 784 1153 respondendi.

368 1177 446 1239 Item
470 1190 584 1238 octavo
608 1176 660 1238 die
677 1176 829 1238 Nicolaus
845 1177 1005 1258 organista
1020 1190 1129 1239 contra
1142 1176 1266 1238 Henrih
1283 1174 1455 1258 pellificem
1467 1196 1523 1259 per

265 1282 522 1345 Lehcumbaldar
539 1296 570 1343 et
579 1282 816 1364 BakstrIperum
829 1282 1049 1344 testimonium
1066 1302 1162 1365 super
1181 1282 1346 1364 vituperiis
1358 1282 1523 1364 producet.

368 1389 445 1449 Item
482 1387 633 1449 Nicolaus
669 1387 837 1449 Januensis
871 1402 979 1449 contra
1016 1389 1128 1450 Kurko
1159 1387 1264 1470 prImo
1304 1387 1417 1449 citatus
1456 1406 1522 1449 non

263 1493 452 1575 comparuit.

369 1599 447 1663 Item
471 1598 582 1660 Iuanin
607 1598 748 1660 secundo
765 1600 878 1660 citatus
901 1611 1010 1660 contra
1033 1598 1175 1660 Baboieb
1200 1617 1265 1660 non
1290 1598 1478 1680 comparuit.

369 1706 447 1794 Item
472 1705 607 1789 Egidius
632 1705 805 1786 Hungarus
829 1718 937 1766 contra
964 1704 1049 1787 Span
1074 1705 1179 1787 primo
1211 1706 1324 1767 citatus
1347 1724 1413 1767 uon
1437 1724 1524 1767 com-

265 1810 378 1892 paruit.
1051 1812 1057 1824 “

370 1916 446 1978 Item
471 1916 580 1977 relicta
606 1915 740 1978 Sculech
763 1931 875 1978 contra
898 1915 1069 1977 RadozIou
1097 1915 1201 1998 primo
1230 1916 1323 1979 citata
1347 1935 1412 1978 non
1437 1930 1524 1977 com-

264 2022 379 2104 paruit.

371 2129 448 2190 Item
481 2127 642 2189 Iohannes
672 2141 773 2189 sartor
804 2140 913 2189 contra
949 2126 1160 2188 Benedictum
1191 2124 1388 2188 aurifabrum
1418 2127 1524 2209 prImo

264 2233 378 2295 citatus
401 2253 466 2294 non
495 2233 683 2314 comparuit.

369 2339 447 2400 Item
472 2337 671 2419 Margaretha
696 2351 805 2399 contra
822 2336 1001 2419 Georgium
1017 2338 1121 2420 primo
1138 2338 1232 2399 citata
1248 2357 1314 2400 non
1331 2338 1523 2420 comparuit.

370 2444 448 2505 Item
473 2442 610 2504 Michael
635 2442 724 2504 faber
740 2442 838 2504 tercio
855 2443 968 2504 citatus
984 2457 1093 2505 contra
1111 2443 1329 2526 dubycensem
1352 2462 1418 2504 non
1435 2461 1523 2504 com-

264 2549 378 2630 paruit.
891 2615 893 2617 ,

369 2655 445 2716 Item
464 2655 570 2715 Endre
588 2669 675 2715 sutor
691 2668 800 2715 contra
819 2652 982 2735 Giungam
998 2656 1102 2736 primo
1121 2655 1234 2717 citatus
1250 2673 1315 2717 non
1331 2652 1522 2735 comparuit.

370 2761 448 2822 Item
473 2760 518 2821 St.
542 2774 650 2821 contra
677 2759 885 2821 Benedictum
909 2761 1014 2842 primo
1039 2761 1151 2822 citatus
1175 2779 1240 2822 non
1265 2759 1453 2841 comparuit.

371 2866 447 2926 Item
473 2865 540 2927 Cus
563 2879 672 2926 contra
698 2864 930 2946 Margaretham
962 2866 1067 2948 primo
1099 2867 1211 2928 citatus
1239 2885 1304 2927 non
1337 2864 1526 2946 comparuit.

371 2973 448 3033 Item
472 2986 585 3033 octavo
602 2972 653 3031 die
677 2972 822 3033 Andreas
839 2971 928 3033 faber
949 2991 1006 3054 per
1023 2972 1163 3049 Kokoth‚
1181 2970 1361 3034 Iohannem
1383 2983 1524 3032 sutorem

265 3092 296 3140 et
319 3078 534 3159 Dampianum
560 3092 668 3139 contra
693 3077 835 3138 Blaaium
860 3090 1015 3140 sartorem
1038 3078 1258 3139 testimonium
1283 3076 1448 3159 producet.

371 3184 447 3243 Item
472 3182 634 3243 Iohannes
657 3183 756 3243 citans
780 3183 888 3244 Petres
911 3182 1091 3244 carnificem
1116 3202 1180 3244 non
1206 3183 1303 3244 venit.

371 3289 449 3349 Item
474 3287 636 3349 Iohannes
659 3287 743 3349 filius
767 3288 884 3350 Cemer
911 3289 1016 3370 primo
1048 3289 1160 3350 citatus
1193 3303 1303 3350 contra
1327 3289 1435 3350 Petres
1459 3306 1525 3349 non

266 3394 454 3476 comparuit.

333 3630 427 3715 Nota,
456 3630 541 3702 Ieria
569 3633 677 3702 tercIa
705 3632 858 3719 proxima
886 3639 964 3719 post
991 3631 1113 3702 festum
1142 3632 1239 3702 beate
1267 3629 1458 3719 Elyzabeth.

753 3796 813 3859 (21.
843 3784 1025 3860 novembris).

372 3923 479 3983 Primo
497 3921 649 3982 Nicolaus
665 3922 833 3983 Jauuensis
849 3936 958 3983 contra
976 3923 1088 3983 Kurko
1112 3923 1150 3983 ad
1171 3936 1244 3983 octo
1261 3921 1330 3983 dIes
1353 3921 1525 3983 termInum

267 4028 385 4109 recepit
409 4026 635 4109 respondendi.

373 4133 449 4194 Item
481 4147 594 4194 octavo
626 4133 677 4194 die
708 4133 817 4194 Petrus
848 4133 954 4194 wzdar
993 4148 1102 4195 contra
1135 4134 1298 4195 Thomam
1330 4131 1525 4215 freniparum

267 4257 324 4320 per
347 4238 545 4299 Demetrium
571 4238 757 4319 seIIIparum
789 4253 819 4299 et
851 4238 1003 4319 Egidium
1033 4238 1205 4320 pellificem
1237 4259 1332 4321 super
1355 4258 1406 4317 e0,
1437 4235 1526 4319 quod
1554 4297 1557 4300 ⁴

267 4342 351 4404 filius
367 4362 442 4404 suus
463 4342 592 4404 fratrem
610 4363 703 4404 suum
721 4344 918 4425 percusserit,
937 4344 1155 4406 testimonium
1173 4345 1346 4427 producet;
1364 4355 1395 4405 et
1406 4341 1528 4404 'eodem

268 4447 320 4509 die
344 4449 375 4509 in
401 4449 567 4530 vituperiis
591 4448 675 4509 idem
702 4449 846 4510 Thomas
869 4469 902 4510 se
927 4451 1124 4531 expurgabit.

374 4555 451 4615 Item
476 4573 576 4636 usque
602 4554 781 4636 quindenas
799 4553 975 4636 Gregorius
999 4555 1073 4617 Jaxe
1090 4569 1217 4620 tenetur
1240 4555 1364 4617 solvere
1389 4553 1529 4616 Martiuo

267 4658 334 4721 filio
359 4657 514 4721 Anthonii
537 4680 592 4722 vas
615 4660 681 4721 vIni
705 4660 1007 4741 venditi-quantum
1038 4680 1071 4722 se
1095 4660 1236 4722 extendit
1267 4680 1323 4743 per
1347 4659 1404 4721 IIII
1428 4659 1527 4721 dena·

267 4765 332 4828 rios
356 4764 520 4829 eubulum.
