3488 5250
252 327 313 388 352
616 308 816 387 Ann01365.
842 345 881 354 —
907 327 958 390 14.
983 313 1157 373 novembris.

347 518 433 582 ,Item
458 539 552 580 causa
576 520 686 581 Jacobi
703 521 840 583 condam
860 521 974 601 judicis
991 536 1021 582 et
1037 522 1196 584 Janchech
1221 544 1257 585 ac
1281 523 1352 585 Elie
1369 523 1409 583 ad
1426 524 1513 584 diem

250 637 399 686 octavum
425 639 470 685 est
494 640 664 707 prorogata
690 627 728 686 ad
754 647 883 708 pacem.¹

356 730 434 791 Item
459 732 647 793 Hermanko
672 744 706 793 ut
730 744 817 793 actor
841 745 950 794 contra
983 732 1117 793 Piukam
1143 753 1201 795 nec
1226 735 1314 795 venit
1337 754 1395 796 nec
1418 736 1515 814 misit,

250 847 306 917 per
330 835 470 896 eundem
495 850 688 918 expectatus.

245 1051 254 1080 '
290 1069 388 1143 Faria
416 1081 512 1144 sexta
541 1076 694 1161 proxima
721 1082 797 1162 post
825 1074 948 1145 festum
975 1075 1064 1145 beati
1095 1074 1232 1176 Martini
1261 1076 1472 1147 confessoris.

738 1239 799 1304 (14.
829 1227 1012 1304 novembris).

357 1365 434 1426 Item
460 1365 567 1426 relicta
588 1364 803 1426 Mekkochren
829 1379 953 1426 tenetur
976 1365 1079 1446 jurare
1096 1366 1148 1425 die
1172 1379 1286 1426 octavo
1311 1379 1376 1426 met
1399 1379 1511 1446 quarta

251 1485 361 1532 contra
386 1471 558 1552 quamdam
586 1471 752 1531 mulierem
785 1490 880 1552 super
912 1471 1079 1532 oblacione
1103 1490 1208 1531 rerum
1240 1484 1270 1531 et
1293 1471 1510 1532 scortacionis.

359 1577 436 1637 Item
462 1577 637 1637 Markettus
665 1575 824 1637 aurifaber
848 1577 900 1636 die
931 1590 1044 1637 octavo
1069 1576 1163 1636 debet
1193 1575 1413 1637 testImonium
1438 1594 1512 1657 pro·

251 1681 367 1743 ducere
393 1701 466 1743 cum
483 1682 612 1742 Andrea
630 1696 660 1742 et
685 1681 792 1742 Paulis
808 1681 1000 1762 juratoribus
1023 1701 1059 1742 ac
1075 1681 1192 1742 VeIIno
1212 1699 1307 1763 super
1331 1679 1413 1741 facto
1431 1670 1514 1742 vitu·

246 1788 331 1869 perii
357 1801 466 1848 contra
491 1788 684 1848 servitricem
709 1787 852 1868 magistri
876 1788 1002 1849 Nicolai
1027 1787 1167 1867 magistri
1192 1805 1395 1866 organarum.

357 1894 435 1955 Item
460 1892 572 1954 eadem
586 1893 730 1954 servitrir
747 1892 799 1953 die
823 1907 937 1954 octavo
962 1894 1059 1954 debet
1075 1892 1178 1973 jurare
1203 1904 1268 1953 met
1291 1891 1387 1952 tercia
1405 1906 1515 1952 contra

252 1999 391 2060 eundem
418 2000 609 2061 Markettum
634 2018 729 2080 super
752 1998 920 2060 ablatione
945 2017 1061 2059 rerum.

358 2104 436 2166 Item
461 2106 570 2165 Maren
603 2104 823 2165 testImonium
855 2104 1006 2185 produxit
1029 2104 1184 2184 legittime
1216 2117 1325 2164 contra
1355 2103 1514 2184 quosdam

252 2210 333 2271 duos
354 2225 490 2272 sartores
514 2231 608 2291 super
633 2210 777 2270 enormia
801 2210 970 2290 vituperia,
999 2229 1056 2290 pro
1081 2210 1198 2290 quibus
1229 2207 1334 2269 eidem
1366 2222 1515 2270 tenentur

251 2316 375 2377 solvere
400 2316 479 2376 duas
502 2335 624 2376 marcas
647 2329 678 2374 et
702 2314 799 2393 iudici
823 2314 963 2376 mediam
987 2315 1018 2375 in
1044 2314 1224 2395 quindenis.

358 2421 435 2482 Item
462 2420 587 2482 Mikech
612 2419 695 2481 filius
713 2420 841 2480 Martini
858 2418 976 2501 (debet)
994 2420 1127 2480 domiuo
1144 2420 1237 2480 Petro
1255 2418 1353 2500 judici
1372 2419 1515 2480 iuvenire

251 2527 449 2587 voluntatem
481 2539 512 2586 et
547 2526 649 2606 ipsum
682 2525 807 2605 placare
838 2525 924 2604 juxta
959 2544 1049 2585 suam
1081 2525 1278 2586 voluntatem
1310 2544 1405 2606 super
1429 2523 1513 2585 facto

247 2631 417 2692 'cuiusdam
441 2630 550 2710 judicii
575 2649 676 2710 usque
701 2630 786 2689 diem
812 2643 972 2691 octavum.

358 2736 434 2796 Item
453 2735 579 2795 Mikech
605 2734 688 2795 filius
714 2734 880 2794 Lewnardi
910 2735 1054 2797 exhibuit
1084 2735 1204 2797 litteras
1235 2734 1443 2815 obligatorias
1469 2735 1513 2796 St.

253 2843 389 2903 condam
416 2841 530 2921 judicis
560 2860 654 2920 super
686 2852 824 2919 quatuor
853 2841 960 2921 pensis
991 2841 1196 2901 denariorum
1229 2841 1288 2901 sub
1320 2859 1401 2921 pena
1426 2839 1515 2919 dupli

251 2947 319 3008 sine
343 2946 457 3027 judicis
481 2947 644 3027 porcione,
669 2965 748 3026 quas
771 2958 897 3007 tenetur
921 2947 1025 3007 eidem
1049 2947 1173 3007 solvere
1199 2947 1229 3006 in
1255 2946 1436 3025 quindenis.

358 3051 435 3111 Item
460 3048 603 3110 exhibuit
627 3050 704 3109 alias
728 3050 847 3110 litteras
871 3071 965 3131 super
990 3051 1188 3133 Stephanum
1213 3048 1392 3111 fratrem..
1417 3069 1512 3131 super

252 3156 391 3217 sedecim
418 3156 531 3215 marcis
555 3156 622 3215 sine
647 3175 739 3237 pena.

359 3262 436 3322 Item
469 3280 562 3320 causa
594 3259 700 3322 relicte
733 3262 883 3343 Symonis
915 3277 945 3324 et
976 3263 1080 3322 Iwane
1108 3263 1147 3322 ad
1182 3261 1267 3322 diem
1300 3275 1449 3322 octavum
1475 3261 1516 3321 a'd

252 3386 365 3448 pacem
390 3380 435 3426 est
460 3379 640 3445 prorogata.

359 3471 436 3531 Item
469 3471 535 3530 Juri
568 3469 684 3550 figulus
717 3475 825 3532 contra
865 3474 971 3533 Endre
1004 3473 1093 3535 SuIzt
1128 3474 1230 3553 prima
1261 3472 1416 3533 citacione
1448 3490 1514 3532 nou

254 3577 441 3658 comparuit.
1498 3635 1500 3641 .

359 3682 435 3741 Item
461 3700 533 3740 cum
559 3681 682 3761 pridem
709 3681 858 3743 dominus
882 3683 993 3743 Petrus
1016 3681 1100 3744 filius
1117 3682 1235 3762 Ligerii
1261 3682 1447 3743 exhibuerat
1463 3682 1514 3743 lit·

252 3801 334 3847 teras
357 3787 564 3865 obligatorias
587 3801 618 3846 et
642 3801 798 3848 transacto
822 3789 960 3849 termino
991 3789 1030 3849 de
1056 3807 1213 3848 consensu
1245 3788 1343 3868 ipsius
1367 3787 1511 3868 magistri

253 3893 338 3952 Petri
363 3910 463 3971 usque
488 3892 667 3971 quindenas
685 3894 813 3953 Markus
837 3893 1105 3972 lilius'Gemzine,
1123 3893 1306 3970 Paladinus‚
1332 3893 1460 3954 Mikech
1485 3906 1516 3955 et

255 3998 343 4057 Mark
369 4015 441 4056 cum
465 4017 546 4078 pena
571 3997 660 4078 dupli
691 3999 758 4058 sine
791 3998 904 4078 judicis
929 4000 1081 4079 porcione
1112 4013 1259 4059 tenentur
1290 3999 1413 4060 solvere
1439 4003 1515 4060 cum

182 4123 184 4127 ’
253 4116 360 4182 parata
386 4109 417 4162 et
441 4115 605 4162 numerata
630 4104 775 4183 pecunia,
798 4104 884 4164 salva
909 4103 1022 4183 judicis
1045 4105 1207 4185 porcione.

359 4206 436 4265 Item
461 4226 540 4266 uxor
564 4208 750 4269 Lancheloti
776 4223 806 4270 et
829 4208 893 4269 filia
920 4209 1037 4269 Brenar
1061 4224 1170 4269 contra
1195 4209 1345 4269 Velinum
1369 4209 1511 4271 secunda

254 4311 408 4371 citacione
433 4331 497 4370 non
522 4327 778 4392 comparuerunt.

360 4415 437 4474 Item
462 4415 545 4475 filius
570 4417 712 4478 Pezdech
738 4439 795 4498 pro
819 4419 950 4479 vulnere
976 4420 1083 4479 relicte
1108 4418 1274 4480 Chemech
1299 4433 1425 4481 tenetur
1449 4422 1513 4482 sol·

245 4531 326 4577 ‘vere
352 4533 489 4598 quatuor
512 4540 633 4582 marcas
656 4536 686 4582 et
710 4523 806 4600 judici
830 4543 928 4584 unam
953 4525 984 4583 in
1010 4523 1192 4604 quindenis.

360 4623 436 4683 Item
460 4623 498 4686 G.
523 4624 607 4686 lilius
631 4627 708 4688 Suik
734 4643 842 4690 contra
869 4630 981 4689 Petren
1014 4629 1115 4709 prima
1148 4629 1303 4690 citacione
1335 4646 1513 4693 non‘com2

254 4742 369 4808 paruit.
