<?xml version="1.0" encoding="UTF-8"?>
<!DOCTYPE html PUBLIC "-//W3C//DTD XHTML 1.0 Transitional//EN"
    "http://www.w3.org/TR/xhtml1/DTD/xhtml1-transitional.dtd">
<html xmlns="http://www.w3.org/1999/xhtml" xml:lang="en" lang="en">
 <head>
  <title>
</title>
<meta http-equiv="Content-Type" content="text/html;charset=utf-8" />
  <meta name='ocr-system' content='tesseract 3.04.00' />
  <meta name='ocr-capabilities' content='ocr_page ocr_carea ocr_par ocr_line ocrx_word'/>
</head>
<body>
  <div class='ocr_page' id='page_1' title='image "./monumentahistor08laszgoog/monumentahistor08laszgoog_0342.png"; bbox 0 0 3488 5250; ppageno 0'>
   <div class='ocr_carea' id='block_1_1' title="bbox 594 375 1452 461">
    <p class='ocr_par' dir='ltr' id='par_1_1' title="bbox 594 375 1452 461">
     <span class='ocr_line' id='line_1_1' title="bbox 594 375 1452 461; baseline 0.003 -25"><span class='ocrx_word' id='word_1_1' title='bbox 594 375 793 456; x_wconf 78' lang='lat' dir='ltr'>Anno&#39;1365.</span> <span class='ocrx_word' id='word_1_2' title='bbox 817 412 859 423; x_wconf 92' lang='lat'><em>-</em></span> <span class='ocrx_word' id='word_1_3' title='bbox 882 375 935 440; x_wconf 81' lang='lat'>28.</span> <span class='ocrx_word' id='word_1_4' title='bbox 953 379 1040 455; x_wconf 80' lang='lat' dir='ltr'>julii.</span> <span class='ocrx_word' id='word_1_5' title='bbox 1390 399 1452 461; x_wconf 81' lang='lat'>293</span> 
     </span>
    </p>
   </div>
   <div class='ocr_carea' id='block_1_2' title="bbox 187 587 1478 4906">
    <p class='ocr_par' dir='ltr' id='par_1_2' title="bbox 190 587 1454 778">
     <span class='ocr_line' id='line_1_2' title="bbox 297 587 1454 667; baseline 0.001 -18"><span class='ocrx_word' id='word_1_6' title='bbox 297 588 375 649; x_wconf 88' lang='lat' dir='ltr'>Item</span> <span class='ocrx_word' id='word_1_7' title='bbox 401 607 498 650; x_wconf 88' lang='lat' dir='ltr'>causa</span> <span class='ocrx_word' id='word_1_8' title='bbox 523 589 606 650; x_wconf 89' lang='lat' dir='ltr'>Petri</span> <span class='ocrx_word' id='word_1_9' title='bbox 631 587 808 667; x_wconf 79' lang='lat' dir='ltr'>frenatoris‚</span> <span class='ocrx_word' id='word_1_10' title='bbox 833 589 997 651; x_wconf 85' lang='lat' dir='ltr'>Benedicti</span> <span class='ocrx_word' id='word_1_11' title='bbox 1029 603 1060 652; x_wconf 94' lang='lat' dir='ltr'>et</span> <span class='ocrx_word' id='word_1_12' title='bbox 1085 589 1129 651; x_wconf 91' lang='lat' dir='ltr'>St.</span> <span class='ocrx_word' id='word_1_13' title='bbox 1155 587 1389 651; x_wconf 80' lang='lat' dir='ltr'><strong>aurifabrorum</strong></span> <span class='ocrx_word' id='word_1_14' title='bbox 1414 589 1454 650; x_wconf 91' lang='lat' dir='ltr'>ad</span> 
     </span>
     <span class='ocr_line' id='line_1_3' title="bbox 190 693 827 778; baseline 0.003 -24"><span class='ocrx_word' id='word_1_15' title='bbox 190 705 264 755; x_wconf 87' lang='lat' dir='ltr'>octo</span> <span class='ocrx_word' id='word_1_16' title='bbox 288 693 356 755; x_wconf 88' lang='lat' dir='ltr'>dies</span> <span class='ocrx_word' id='word_1_17' title='bbox 380 693 488 756; x_wconf 88' lang='lat' dir='ltr'>estad</span> <span class='ocrx_word' id='word_1_18' title='bbox 513 714 623 778; x_wconf 81' lang='lat' dir='ltr'>pacem</span> <span class='ocrx_word' id='word_1_19' title='bbox 647 708 827 778; x_wconf 88' lang='lat' dir='ltr'>prorogata.</span> 
     </span>
    </p>

    <p class='ocr_par' dir='ltr' id='par_1_3' title="bbox 190 799 1453 989">
     <span class='ocr_line' id='line_1_4' title="bbox 297 799 1453 863; baseline 0 -3"><span class='ocrx_word' id='word_1_20' title='bbox 297 799 375 861; x_wconf 89' lang='lat' dir='ltr'>Item</span> <span class='ocrx_word' id='word_1_21' title='bbox 401 820 495 862; x_wconf 87' lang='lat' dir='ltr'>causa</span> <span class='ocrx_word' id='word_1_22' title='bbox 521 800 641 863; x_wconf 88' lang='lat' dir='ltr'>Mathie</span> <span class='ocrx_word' id='word_1_23' title='bbox 668 801 799 863; x_wconf 89' lang='lat' dir='ltr'>litterati</span> <span class='ocrx_word' id='word_1_24' title='bbox 823 815 854 863; x_wconf 86' lang='lat' dir='ltr'>et</span> <span class='ocrx_word' id='word_1_25' title='bbox 884 801 941 863; x_wconf 89' lang='lat' dir='ltr'>filii</span> <span class='ocrx_word' id='word_1_26' title='bbox 967 803 1057 863; x_wconf 85' lang='lat' dir='ltr'>Jurse</span> <span class='ocrx_word' id='word_1_27' title='bbox 1080 801 1121 863; x_wconf 89' lang='lat' dir='ltr'>ad</span> <span class='ocrx_word' id='word_1_28' title='bbox 1153 815 1226 863; x_wconf 87' lang='lat' dir='ltr'>octo</span> <span class='ocrx_word' id='word_1_29' title='bbox 1253 800 1321 861; x_wconf 88' lang='lat' dir='ltr'>dies</span> <span class='ocrx_word' id='word_1_30' title='bbox 1344 814 1391 861; x_wconf 89' lang='lat' dir='ltr'>est</span> <span class='ocrx_word' id='word_1_31' title='bbox 1414 800 1453 861; x_wconf 95' lang='lat' dir='ltr'>ad</span> 
     </span>
     <span class='ocr_line' id='line_1_5' title="bbox 190 920 508 989; baseline 0.003 -22"><span class='ocrx_word' id='word_1_32' title='bbox 190 925 301 987; x_wconf 83' lang='lat' dir='ltr'>pacem</span> <span class='ocrx_word' id='word_1_33' title='bbox 326 920 508 989; x_wconf 90' lang='lat' dir='ltr'>prorogata.</span> 
     </span>
    </p>

    <p class='ocr_par' dir='ltr' id='par_1_4' title="bbox 190 1011 1453 1198">
     <span class='ocr_line' id='line_1_6' title="bbox 295 1011 1453 1096; baseline 0 -24"><span class='ocrx_word' id='word_1_34' title='bbox 295 1011 374 1073; x_wconf 86' lang='lat' dir='ltr'>Item</span> <span class='ocrx_word' id='word_1_35' title='bbox 399 1013 552 1074; x_wconf 86' lang='lat' dir='ltr'>Nicolaus</span> <span class='ocrx_word' id='word_1_36' title='bbox 567 1013 592 1075; x_wconf 88' lang='lat' dir='ltr'>F</span> <span class='ocrx_word' id='word_1_37' title='bbox 596 1013 741 1075; x_wconf 92' lang='lat' dir='ltr'>inceuich</span> <span class='ocrx_word' id='word_1_38' title='bbox 757 1013 863 1096; x_wconf 90' lang='lat' dir='ltr'>primo</span> <span class='ocrx_word' id='word_1_39' title='bbox 880 1013 993 1076; x_wconf 91' lang='lat' dir='ltr'>citatus</span> <span class='ocrx_word' id='word_1_40' title='bbox 1009 1027 1118 1076; x_wconf 92' lang='lat' dir='ltr'>contra</span> <span class='ocrx_word' id='word_1_41' title='bbox 1144 1013 1366 1075; x_wconf 81' lang='lat' dir='ltr'>Sebastianum</span> <span class='ocrx_word' id='word_1_42' title='bbox 1388 1031 1453 1073; x_wconf 92' lang='lat' dir='ltr'>non</span> 
     </span>
     <span class='ocr_line' id='line_1_7' title="bbox 190 1118 378 1198; baseline 0.021 -22"><span class='ocrx_word' id='word_1_43' title='bbox 190 1118 378 1198; x_wconf 88' lang='lat' dir='ltr'>comparuit.</span> 
     </span>
    </p>

    <p class='ocr_par' dir='ltr' id='par_1_5' title="bbox 189 1222 1454 1410">
     <span class='ocr_line' id='line_1_8' title="bbox 296 1222 1454 1306; baseline 0.001 -23"><span class='ocrx_word' id='word_1_44' title='bbox 296 1222 374 1284; x_wconf 90' lang='lat' dir='ltr'>Item</span> <span class='ocrx_word' id='word_1_45' title='bbox 406 1238 520 1286; x_wconf 88' lang='lat' dir='ltr'>octavo</span> <span class='ocrx_word' id='word_1_46' title='bbox 551 1224 603 1286; x_wconf 91' lang='lat' dir='ltr'>die</span> <span class='ocrx_word' id='word_1_47' title='bbox 633 1224 750 1306; x_wconf 91' lang='lat' dir='ltr'>jurabit</span> <span class='ocrx_word' id='word_1_48' title='bbox 774 1225 884 1286; x_wconf 89' lang='lat' dir='ltr'>Maren</span> <span class='ocrx_word' id='word_1_49' title='bbox 916 1238 1025 1286; x_wconf 88' lang='lat' dir='ltr'>contra</span> <span class='ocrx_word' id='word_1_50' title='bbox 1057 1225 1165 1287; x_wconf 90' lang='lat' dir='ltr'>Endre</span> <span class='ocrx_word' id='word_1_51' title='bbox 1196 1223 1284 1306; x_wconf 91' lang='lat' dir='ltr'>quod</span> <span class='ocrx_word' id='word_1_52' title='bbox 1308 1224 1368 1285; x_wconf 90' lang='lat' dir='ltr'>sibi</span> <span class='ocrx_word' id='word_1_53' title='bbox 1400 1244 1454 1284; x_wconf 89' lang='lat' dir='ltr'>sex</span> 
     </span>
     <span class='ocr_line' id='line_1_9' title="bbox 189 1343 573 1410; baseline 0.005 -21"><span class='ocrx_word' id='word_1_54' title='bbox 189 1347 305 1410; x_wconf 89' lang='lat' dir='ltr'>pensas</span> <span class='ocrx_word' id='word_1_55' title='bbox 328 1348 393 1390; x_wconf 90' lang='lat' dir='ltr'>non</span> <span class='ocrx_word' id='word_1_56' title='bbox 417 1343 573 1392; x_wconf 91' lang='lat' dir='ltr'>teneatur.</span> 
     </span>
    </p>

    <p class='ocr_par' dir='ltr' id='par_1_6' title="bbox 190 1434 1452 1620">
     <span class='ocr_line' id='line_1_10' title="bbox 296 1434 1452 1518; baseline 0.001 -24"><span class='ocrx_word' id='word_1_57' title='bbox 296 1434 374 1495; x_wconf 89' lang='lat' dir='ltr'>Item</span> <span class='ocrx_word' id='word_1_58' title='bbox 401 1435 472 1496; x_wconf 88' lang='lat' dir='ltr'>Elia</span> <span class='ocrx_word' id='word_1_59' title='bbox 496 1449 605 1497; x_wconf 88' lang='lat' dir='ltr'>contra</span> <span class='ocrx_word' id='word_1_60' title='bbox 630 1435 774 1518; x_wconf 88' lang='lat' dir='ltr'>Dragech</span> <span class='ocrx_word' id='word_1_61' title='bbox 798 1436 838 1497; x_wconf 94' lang='lat' dir='ltr'>ad</span> <span class='ocrx_word' id='word_1_62' title='bbox 862 1451 936 1498; x_wconf 90' lang='lat' dir='ltr'>octo</span> <span class='ocrx_word' id='word_1_63' title='bbox 960 1436 1028 1499; x_wconf 91' lang='lat' dir='ltr'>dies</span> <span class='ocrx_word' id='word_1_64' title='bbox 1059 1437 1178 1517; x_wconf 87' lang='lat' dir='ltr'>recepit</span> <span class='ocrx_word' id='word_1_65' title='bbox 1208 1435 1381 1497; x_wconf 90' lang='lat' dir='ltr'>terminum</span> <span class='ocrx_word' id='word_1_66' title='bbox 1406 1453 1452 1496; x_wconf 92' lang='lat' dir='ltr'>re·</span> 
     </span>
     <span class='ocr_line' id='line_1_11' title="bbox 190 1539 383 1620; baseline 0.005 -20"><span class='ocrx_word' id='word_1_67' title='bbox 190 1539 383 1620; x_wconf 76' lang='lat' dir='ltr'>spondendi</span> 
     </span>
    </p>

    <p class='ocr_par' dir='ltr' id='par_1_7' title="bbox 189 1644 1455 1834">
     <span class='ocr_line' id='line_1_12' title="bbox 299 1644 1455 1727; baseline -0.001 -21"><span class='ocrx_word' id='word_1_68' title='bbox 299 1645 378 1707; x_wconf 87' lang='lat' dir='ltr'>Item</span> <span class='ocrx_word' id='word_1_69' title='bbox 403 1646 556 1707; x_wconf 90' lang='lat' dir='ltr'>Nicolaus</span> <span class='ocrx_word' id='word_1_70' title='bbox 580 1644 739 1708; x_wconf 80' lang='lat' dir='ltr'>aurifaber</span> <span class='ocrx_word' id='word_1_71' title='bbox 768 1660 877 1710; x_wconf 92' lang='lat' dir='ltr'>contra</span> <span class='ocrx_word' id='word_1_72' title='bbox 901 1647 1043 1710; x_wconf 87' lang='lat' dir='ltr'>Cussech</span> <span class='ocrx_word' id='word_1_73' title='bbox 1074 1646 1114 1708; x_wconf 93' lang='lat' dir='ltr'>ad</span> <span class='ocrx_word' id='word_1_74' title='bbox 1139 1660 1212 1708; x_wconf 94' lang='lat' dir='ltr'>octo</span> <span class='ocrx_word' id='word_1_75' title='bbox 1244 1645 1312 1707; x_wconf 89' lang='lat' dir='ltr'>dies</span> <span class='ocrx_word' id='word_1_76' title='bbox 1335 1645 1455 1727; x_wconf 91' lang='lat' dir='ltr'>recepit</span> 
     </span>
     <span class='ocr_line' id='line_1_13' title="bbox 189 1751 615 1834; baseline 0.009 -23"><span class='ocrx_word' id='word_1_77' title='bbox 189 1751 363 1812; x_wconf 90' lang='lat' dir='ltr'>terminum</span> <span class='ocrx_word' id='word_1_78' title='bbox 389 1752 615 1834; x_wconf 88' lang='lat' dir='ltr'>respondendi.</span> 
     </span>
    </p>

    <p class='ocr_par' dir='ltr' id='par_1_8' title="bbox 296 1857 1452 1942">
     <span class='ocr_line' id='line_1_14' title="bbox 296 1857 1452 1942; baseline 0.003 -24"><span class='ocrx_word' id='word_1_79' title='bbox 296 1857 1452 1942; x_wconf 88' lang='lat' dir='ltr'>ItemPaulusWragprimocitatuscontraBenedictumnoncomparuit.</span> 
     </span>
    </p>

    <p class='ocr_par' dir='ltr' id='par_1_9' title="bbox 296 1963 1452 2048">
     <span class='ocr_line' id='line_1_15' title="bbox 296 1963 1452 2048; baseline 0.002 -24"><span class='ocrx_word' id='word_1_80' title='bbox 296 1963 374 2026; x_wconf 88' lang='lat' dir='ltr'>Item</span> <span class='ocrx_word' id='word_1_81' title='bbox 400 1964 542 2026; x_wconf 89' lang='lat' dir='ltr'>Terman</span> <span class='ocrx_word' id='word_1_82' title='bbox 567 1979 676 2027; x_wconf 92' lang='lat' dir='ltr'>contra</span> <span class='ocrx_word' id='word_1_83' title='bbox 700 1966 863 2048; x_wconf 91' lang='lat' dir='ltr'>Volynum</span> <span class='ocrx_word' id='word_1_84' title='bbox 893 1966 997 2048; x_wconf 91' lang='lat' dir='ltr'>primo</span> <span class='ocrx_word' id='word_1_85' title='bbox 1029 1965 1142 2027; x_wconf 91' lang='lat' dir='ltr'>citatus</span> <span class='ocrx_word' id='word_1_86' title='bbox 1165 1984 1230 2026; x_wconf 88' lang='lat' dir='ltr'>non</span> <span class='ocrx_word' id='word_1_87' title='bbox 1264 1964 1452 2046; x_wconf 91' lang='lat' dir='ltr'>comparuit.</span> 
     </span>
    </p>

    <p class='ocr_par' dir='ltr' id='par_1_10' title="bbox 191 2068 1452 2254">
     <span class='ocr_line' id='line_1_16' title="bbox 295 2068 1452 2154; baseline 0 -24"><span class='ocrx_word' id='word_1_88' title='bbox 295 2068 373 2131; x_wconf 86' lang='lat' dir='ltr'>item</span> <span class='ocrx_word' id='word_1_89' title='bbox 399 2089 492 2131; x_wconf 88' lang='lat' dir='ltr'>causa</span> <span class='ocrx_word' id='word_1_90' title='bbox 518 2071 662 2152; x_wconf 87' lang='lat' dir='ltr'>Dragech</span> <span class='ocrx_word' id='word_1_91' title='bbox 687 2084 717 2132; x_wconf 87' lang='lat' dir='ltr'>et</span> <span class='ocrx_word' id='word_1_92' title='bbox 741 2072 940 2154; x_wconf 89' lang='lat' dir='ltr'>Margarethe</span> <span class='ocrx_word' id='word_1_93' title='bbox 965 2072 1005 2133; x_wconf 88' lang='lat' dir='ltr'>ad</span> <span class='ocrx_word' id='word_1_94' title='bbox 1033 2085 1107 2133; x_wconf 91' lang='lat' dir='ltr'>octo</span> <span class='ocrx_word' id='word_1_95' title='bbox 1131 2071 1199 2133; x_wconf 88' lang='lat' dir='ltr'>dies</span> <span class='ocrx_word' id='word_1_96' title='bbox 1222 2070 1325 2132; x_wconf 89' lang='lat' dir='ltr'>estad</span> <span class='ocrx_word' id='word_1_97' title='bbox 1341 2089 1452 2151; x_wconf 88' lang='lat' dir='ltr'>pacem</span> 
     </span>
     <span class='ocr_line' id='line_1_17' title="bbox 191 2190 372 2254; baseline 0.028 -21"><span class='ocrx_word' id='word_1_98' title='bbox 191 2190 372 2254; x_wconf 87' lang='lat' dir='ltr'>prorogata.</span> 
     </span>
    </p>

    <p class='ocr_par' dir='ltr' id='par_1_11' title="bbox 190 2280 1451 2470">
     <span class='ocr_line' id='line_1_18' title="bbox 297 2280 1451 2365; baseline 0.002 -24"><span class='ocrx_word' id='word_1_99' title='bbox 297 2280 376 2342; x_wconf 88' lang='lat' dir='ltr'>Item</span> <span class='ocrx_word' id='word_1_100' title='bbox 401 2282 600 2362; x_wconf 89' lang='lat' dir='ltr'>Margaretha</span> <span class='ocrx_word' id='word_1_101' title='bbox 625 2297 734 2345; x_wconf 91' lang='lat' dir='ltr'>contra</span> <span class='ocrx_word' id='word_1_102' title='bbox 767 2282 945 2365; x_wconf 76' lang='lat' dir='ltr'>Georgium</span> <span class='ocrx_word' id='word_1_103' title='bbox 976 2283 1015 2344; x_wconf 91' lang='lat' dir='ltr'>ad</span> <span class='ocrx_word' id='word_1_104' title='bbox 1049 2296 1122 2345; x_wconf 92' lang='lat' dir='ltr'>octo</span> <span class='ocrx_word' id='word_1_105' title='bbox 1151 2282 1219 2345; x_wconf 92' lang='lat' dir='ltr'>dies</span> <span class='ocrx_word' id='word_1_106' title='bbox 1243 2283 1362 2364; x_wconf 89' lang='lat' dir='ltr'>recepit</span> <span class='ocrx_word' id='word_1_107' title='bbox 1390 2295 1451 2343; x_wconf 92' lang='lat' dir='ltr'>ter·</span> 
     </span>
     <span class='ocr_line' id='line_1_19' title="bbox 190 2385 569 2470; baseline 0.011 -25"><span class='ocrx_word' id='word_1_108' title='bbox 190 2385 314 2446; x_wconf 91' lang='lat' dir='ltr'>minum</span> <span class='ocrx_word' id='word_1_109' title='bbox 340 2388 569 2470; x_wconf 89' lang='lat' dir='ltr'>respondendi.</span> 
     </span>
    </p>

    <p class='ocr_par' dir='ltr' id='par_1_12' title="bbox 189 2492 1452 2682">
     <span class='ocr_line' id='line_1_20' title="bbox 295 2492 1452 2576; baseline -0.001 -22"><span class='ocrx_word' id='word_1_110' title='bbox 295 2492 373 2554; x_wconf 88' lang='lat' dir='ltr'>item</span> <span class='ocrx_word' id='word_1_111' title='bbox 398 2493 517 2555; x_wconf 90' lang='lat' dir='ltr'>Paulus</span> <span class='ocrx_word' id='word_1_112' title='bbox 540 2508 629 2556; x_wconf 90' lang='lat' dir='ltr'>sutor</span> <span class='ocrx_word' id='word_1_113' title='bbox 663 2509 773 2557; x_wconf 88' lang='lat' dir='ltr'>contra</span> <span class='ocrx_word' id='word_1_114' title='bbox 807 2493 984 2576; x_wconf 82' lang='lat' dir='ltr'>Georgium</span> <span class='ocrx_word' id='word_1_115' title='bbox 1016 2494 1171 2556; x_wconf 90' lang='lat' dir='ltr'>Ztaunich</span> <span class='ocrx_word' id='word_1_116' title='bbox 1204 2495 1308 2576; x_wconf 92' lang='lat' dir='ltr'>primo</span> <span class='ocrx_word' id='word_1_117' title='bbox 1339 2493 1452 2554; x_wconf 87' lang='lat' dir='ltr'>citatus</span> 
     </span>
     <span class='ocr_line' id='line_1_21' title="bbox 189 2601 469 2682; baseline 0.018 -24"><span class='ocrx_word' id='word_1_118' title='bbox 189 2617 254 2659; x_wconf 88' lang='lat' dir='ltr'>non</span> <span class='ocrx_word' id='word_1_119' title='bbox 280 2601 469 2682; x_wconf 90' lang='lat' dir='ltr'>comparuit.</span> 
     </span>
    </p>

    <p class='ocr_par' dir='ltr' id='par_1_13' title="bbox 295 2704 1451 2790">
     <span class='ocr_line' id='line_1_22' title="bbox 295 2704 1451 2790; baseline 0.002 -24"><span class='ocrx_word' id='word_1_120' title='bbox 295 2704 373 2767; x_wconf 93' lang='lat' dir='ltr'>Item</span> <span class='ocrx_word' id='word_1_121' title='bbox 400 2707 530 2789; x_wconf 90' lang='lat' dir='ltr'>Lucych</span> <span class='ocrx_word' id='word_1_122' title='bbox 555 2722 664 2769; x_wconf 90' lang='lat' dir='ltr'>contra</span> <span class='ocrx_word' id='word_1_123' title='bbox 696 2708 859 2769; x_wconf 85' lang='lat' dir='ltr'>Andream</span> <span class='ocrx_word' id='word_1_124' title='bbox 892 2709 996 2790; x_wconf 91' lang='lat' dir='ltr'>primo</span> <span class='ocrx_word' id='word_1_125' title='bbox 1028 2707 1140 2770; x_wconf 85' lang='lat' dir='ltr'>citatus</span> <span class='ocrx_word' id='word_1_126' title='bbox 1163 2726 1227 2768; x_wconf 91' lang='lat' dir='ltr'>non</span> <span class='ocrx_word' id='word_1_127' title='bbox 1262 2706 1451 2789; x_wconf 88' lang='lat' dir='ltr'>comparuit.</span> 
     </span>
    </p>

    <p class='ocr_par' dir='ltr' id='par_1_14' title="bbox 295 2810 1451 2896">
     <span class='ocr_line' id='line_1_23' title="bbox 295 2810 1451 2896; baseline 0.003 -24"><span class='ocrx_word' id='word_1_128' title='bbox 295 2810 374 2873; x_wconf 88' lang='lat' dir='ltr'>Item</span> <span class='ocrx_word' id='word_1_129' title='bbox 407 2811 542 2875; x_wconf 86' lang='lat' dir='ltr'>Petraua</span> <span class='ocrx_word' id='word_1_130' title='bbox 573 2827 682 2875; x_wconf 88' lang='lat' dir='ltr'>contra</span> <span class='ocrx_word' id='word_1_131' title='bbox 714 2813 875 2876; x_wconf 91' lang='lat' dir='ltr'>Cernkam</span> <span class='ocrx_word' id='word_1_132' title='bbox 906 2815 1011 2896; x_wconf 90' lang='lat' dir='ltr'>primo</span> <span class='ocrx_word' id='word_1_133' title='bbox 1044 2815 1136 2875; x_wconf 89' lang='lat' dir='ltr'>citata</span> <span class='ocrx_word' id='word_1_134' title='bbox 1168 2834 1232 2876; x_wconf 91' lang='lat' dir='ltr'>non</span> <span class='ocrx_word' id='word_1_135' title='bbox 1263 2815 1451 2895; x_wconf 89' lang='lat' dir='ltr'>comparuit.</span> 
     </span>
    </p>

    <p class='ocr_par' dir='ltr' id='par_1_15' title="bbox 188 2916 1451 3742">
     <span class='ocr_line' id='line_1_24' title="bbox 294 2916 1449 3002; baseline 0.003 -25"><span class='ocrx_word' id='word_1_136' title='bbox 294 2916 371 2979; x_wconf 88' lang='lat' dir='ltr'>Item</span> <span class='ocrx_word' id='word_1_137' title='bbox 399 2916 463 2979; x_wconf 89' lang='lat' dir='ltr'>filia</span> <span class='ocrx_word' id='word_1_138' title='bbox 482 2919 661 2997; x_wconf 87' lang='lat' dir='ltr'>Laurencii,</span> <span class='ocrx_word' id='word_1_139' title='bbox 677 2920 838 3002; x_wconf 90' lang='lat' dir='ltr'>Kateryua</span> <span class='ocrx_word' id='word_1_140' title='bbox 856 2920 998 2999; x_wconf 88' lang='lat' dir='ltr'>nomine,</span> <span class='ocrx_word' id='word_1_141' title='bbox 1021 2934 1135 2981; x_wconf 91' lang='lat' dir='ltr'>octavo</span> <span class='ocrx_word' id='word_1_142' title='bbox 1159 2920 1211 2981; x_wconf 91' lang='lat' dir='ltr'>die</span> <span class='ocrx_word' id='word_1_143' title='bbox 1235 2940 1268 2980; x_wconf 87' lang='lat' dir='ltr'>se</span> <span class='ocrx_word' id='word_1_144' title='bbox 1291 2934 1377 2981; x_wconf 85' lang='lat' dir='ltr'>sexta</span> <span class='ocrx_word' id='word_1_145' title='bbox 1401 2918 1449 3000; x_wconf 88' lang='lat' dir='ltr'>ju-</span> 
     </span>
     <span class='ocr_line' id='line_1_25' title="bbox 188 3022 1451 3106; baseline 0.004 -24"><span class='ocrx_word' id='word_1_146' title='bbox 188 3022 271 3083; x_wconf 91' lang='lat' dir='ltr'>rabit</span> <span class='ocrx_word' id='word_1_147' title='bbox 294 3042 389 3104; x_wconf 88' lang='lat' dir='ltr'>super</span> <span class='ocrx_word' id='word_1_148' title='bbox 412 3042 463 3102; x_wconf 88' lang='lat' dir='ltr'>eo,</span> <span class='ocrx_word' id='word_1_149' title='bbox 488 3024 575 3106; x_wconf 92' lang='lat' dir='ltr'>quod</span> <span class='ocrx_word' id='word_1_150' title='bbox 601 3025 741 3086; x_wconf 84' lang='lat' dir='ltr'>balteum</span> <span class='ocrx_word' id='word_1_151' title='bbox 774 3025 903 3087; x_wconf 89' lang='lat' dir='ltr'>Martini</span> <span class='ocrx_word' id='word_1_152' title='bbox 936 3024 994 3087; x_wconf 83' lang='lat' dir='ltr'>filii</span> <span class='ocrx_word' id='word_1_153' title='bbox 1019 3024 1164 3087; x_wconf 88' lang='lat' dir='ltr'>Paladini</span> <span class='ocrx_word' id='word_1_154' title='bbox 1197 3045 1269 3087; x_wconf 92' lang='lat' dir='ltr'>cum</span> <span class='ocrx_word' id='word_1_155' title='bbox 1301 3046 1357 3087; x_wconf 87' lang='lat' dir='ltr'>sua</span> <span class='ocrx_word' id='word_1_156' title='bbox 1382 3045 1451 3087; x_wconf 89' lang='lat' dir='ltr'>cru-</span> 
     </span>
     <span class='ocr_line' id='line_1_26' title="bbox 188 3130 1449 3213; baseline 0.003 -25"><span class='ocrx_word' id='word_1_157' title='bbox 188 3147 283 3189; x_wconf 86' lang='lat' dir='ltr'>mena</span> <span class='ocrx_word' id='word_1_158' title='bbox 307 3147 370 3190; x_wconf 92' lang='lat' dir='ltr'>non</span> <span class='ocrx_word' id='word_1_159' title='bbox 396 3130 585 3192; x_wconf 83' lang='lat' dir='ltr'>subtraxerit</span> <span class='ocrx_word' id='word_1_160' title='bbox 609 3149 667 3192; x_wconf 88' lang='lat' dir='ltr'>nec</span> <span class='ocrx_word' id='word_1_161' title='bbox 691 3130 784 3192; x_wconf 87' lang='lat' dir='ltr'>sciret</span> <span class='ocrx_word' id='word_1_162' title='bbox 807 3131 863 3213; x_wconf 93' lang='lat' dir='ltr'>qui</span> <span class='ocrx_word' id='word_1_163' title='bbox 888 3150 961 3193; x_wconf 89' lang='lat' dir='ltr'>eum</span> <span class='ocrx_word' id='word_1_164' title='bbox 982 3131 1153 3208; x_wconf 85' lang='lat' dir='ltr'>subtraxit;</span> <span class='ocrx_word' id='word_1_165' title='bbox 1178 3131 1327 3193; x_wconf 85' lang='lat' dir='ltr'>denarios</span> <span class='ocrx_word' id='word_1_166' title='bbox 1343 3146 1449 3193; x_wconf 88' lang='lat' dir='ltr'>autem</span> 
     </span>
     <span class='ocr_line' id='line_1_27' title="bbox 189 3234 1450 3319; baseline 0.002 -24"><span class='ocrx_word' id='word_1_167' title='bbox 189 3235 249 3296; x_wconf 88' lang='lat' dir='ltr'>XX</span> <span class='ocrx_word' id='word_1_168' title='bbox 274 3235 518 3298; x_wconf 90' lang='lat' dir='ltr'>solendinorum</span> <span class='ocrx_word' id='word_1_169' title='bbox 542 3234 656 3298; x_wconf 80' lang='lat' dir='ltr'>furtive</span> <span class='ocrx_word' id='word_1_170' title='bbox 684 3256 748 3298; x_wconf 92' lang='lat' dir='ltr'>non</span> <span class='ocrx_word' id='word_1_171' title='bbox 773 3237 829 3310; x_wconf 81' lang='lat' dir='ltr'>sed</span> <span class='ocrx_word' id='word_1_172' title='bbox 853 3257 911 3318; x_wconf 91' lang='lat' dir='ltr'>pro</span> <span class='ocrx_word' id='word_1_173' title='bbox 935 3238 1042 3319; x_wconf 88' lang='lat' dir='ltr'>precio</span> <span class='ocrx_word' id='word_1_174' title='bbox 1066 3257 1125 3299; x_wconf 89' lang='lat' dir='ltr'>suo</span> <span class='ocrx_word' id='word_1_175' title='bbox 1149 3239 1189 3298; x_wconf 91' lang='lat' dir='ltr'>ab</span> <span class='ocrx_word' id='word_1_176' title='bbox 1221 3238 1336 3299; x_wconf 90' lang='lat' dir='ltr'>eodem</span> <span class='ocrx_word' id='word_1_177' title='bbox 1368 3239 1450 3299; x_wconf 90' lang='lat' dir='ltr'>Mar-</span> 
     </span>
     <span class='ocr_line' id='line_1_28' title="bbox 188 3341 1449 3425; baseline 0.002 -23"><span class='ocrx_word' id='word_1_178' title='bbox 188 3341 256 3403; x_wconf 91' lang='lat' dir='ltr'>tino</span> <span class='ocrx_word' id='word_1_179' title='bbox 281 3343 410 3423; x_wconf 88' lang='lat' dir='ltr'>recepit,</span> <span class='ocrx_word' id='word_1_180' title='bbox 427 3355 661 3404; x_wconf 88' lang='lat' dir='ltr'>sacramentum</span> <span class='ocrx_word' id='word_1_181' title='bbox 685 3357 823 3425; x_wconf 87' lang='lat' dir='ltr'>prestare</span> <span class='ocrx_word' id='word_1_182' title='bbox 840 3344 989 3420; x_wconf 88' lang='lat' dir='ltr'>debebit;</span> <span class='ocrx_word' id='word_1_183' title='bbox 1013 3358 1044 3405; x_wconf 88' lang='lat' dir='ltr'>et</span> <span class='ocrx_word' id='word_1_184' title='bbox 1068 3343 1148 3405; x_wconf 89' lang='lat' dir='ltr'>hanc</span> <span class='ocrx_word' id='word_1_185' title='bbox 1172 3343 1449 3424; x_wconf 80' lang='lat' dir='ltr'>adjudicacionem</span> 
     </span>
     <span class='ocr_line' id='line_1_29' title="bbox 190 3446 1450 3531; baseline 0.002 -23"><span class='ocrx_word' id='word_1_186' title='bbox 190 3446 235 3508; x_wconf 89' lang='lat' dir='ltr'>St.</span> <span class='ocrx_word' id='word_1_187' title='bbox 259 3463 448 3529; x_wconf 88' lang='lat' dir='ltr'>procurator</span> <span class='ocrx_word' id='word_1_188' title='bbox 472 3448 572 3531; x_wconf 87' lang='lat' dir='ltr'>ipsius</span> <span class='ocrx_word' id='word_1_189' title='bbox 597 3449 737 3526; x_wconf 86' lang='lat' dir='ltr'>Martini,</span> <span class='ocrx_word' id='word_1_190' title='bbox 753 3450 1012 3530; x_wconf 87' lang='lat' dir='ltr'>asserensipsum</span> <span class='ocrx_word' id='word_1_191' title='bbox 1029 3449 1203 3511; x_wconf 89' lang='lat' dir='ltr'>Martinum</span> <span class='ocrx_word' id='word_1_192' title='bbox 1228 3449 1353 3510; x_wconf 89' lang='lat' dir='ltr'>nullum</span> <span class='ocrx_word' id='word_1_193' title='bbox 1378 3469 1450 3531; x_wconf 85' lang='lat' dir='ltr'>pec-</span> 
     </span>
     <span class='ocr_line' id='line_1_30' title="bbox 189 3554 1449 3635; baseline 0.002 -22"><span class='ocrx_word' id='word_1_194' title='bbox 189 3566 295 3614; x_wconf 90' lang='lat' dir='ltr'>catum</span> <span class='ocrx_word' id='word_1_195' title='bbox 320 3573 392 3615; x_wconf 93' lang='lat' dir='ltr'>cum</span> <span class='ocrx_word' id='word_1_196' title='bbox 418 3573 455 3615; x_wconf 91' lang='lat' dir='ltr'>ea</span> <span class='ocrx_word' id='word_1_197' title='bbox 490 3554 638 3616; x_wconf 90' lang='lat' dir='ltr'>habuisse</span> <span class='ocrx_word' id='word_1_198' title='bbox 666 3574 723 3616; x_wconf 92' lang='lat' dir='ltr'>nec</span> <span class='ocrx_word' id='word_1_199' title='bbox 755 3554 815 3615; x_wconf 91' lang='lat' dir='ltr'>sibi</span> <span class='ocrx_word' id='word_1_200' title='bbox 841 3554 989 3616; x_wconf 89' lang='lat' dir='ltr'>denarios</span> <span class='ocrx_word' id='word_1_201' title='bbox 1020 3554 1157 3633; x_wconf 84' lang='lat' dir='ltr'>dedisse,</span> <span class='ocrx_word' id='word_1_202' title='bbox 1188 3555 1228 3615; x_wconf 91' lang='lat' dir='ltr'>ad</span> <span class='ocrx_word' id='word_1_203' title='bbox 1253 3555 1449 3635; x_wconf 86' lang='lat' dir='ltr'>presenciam</span> 
     </span>
     <span class='ocr_line' id='line_1_31' title="bbox 188 3657 773 3742; baseline 0.005 -23"><span class='ocrx_word' id='word_1_204' title='bbox 188 3657 331 3739; x_wconf 89' lang='lat' dir='ltr'>judicum</span> <span class='ocrx_word' id='word_1_205' title='bbox 356 3660 561 3741; x_wconf 88' lang='lat' dir='ltr'>antiquorum</span> <span class='ocrx_word' id='word_1_206' title='bbox 590 3660 773 3742; x_wconf 89' lang='lat' dir='ltr'>appellavit.</span> 
     </span>
    </p>

    <p class='ocr_par' dir='ltr' id='par_1_16' title="bbox 188 3765 1449 3953">
     <span class='ocr_line' id='line_1_32' title="bbox 294 3765 1449 3849; baseline 0.002 -23"><span class='ocrx_word' id='word_1_207' title='bbox 294 3765 372 3828; x_wconf 88' lang='lat' dir='ltr'>item</span> <span class='ocrx_word' id='word_1_208' title='bbox 398 3766 564 3827; x_wconf 85' lang='lat' dir='ltr'>Janzlinus</span> <span class='ocrx_word' id='word_1_209' title='bbox 598 3765 792 3849; x_wconf 89' lang='lat' dir='ltr'>Krupichich</span> <span class='ocrx_word' id='word_1_210' title='bbox 824 3767 928 3848; x_wconf 90' lang='lat' dir='ltr'>primo</span> <span class='ocrx_word' id='word_1_211' title='bbox 962 3767 1075 3828; x_wconf 89' lang='lat' dir='ltr'>citatus</span> <span class='ocrx_word' id='word_1_212' title='bbox 1107 3780 1216 3828; x_wconf 88' lang='lat' dir='ltr'>contra</span> <span class='ocrx_word' id='word_1_213' title='bbox 1246 3767 1351 3828; x_wconf 89' lang='lat' dir='ltr'>Eliam</span> <span class='ocrx_word' id='word_1_214' title='bbox 1384 3786 1449 3828; x_wconf 93' lang='lat' dir='ltr'>non</span> 
     </span>
     <span class='ocr_line' id='line_1_33' title="bbox 188 3872 377 3953; baseline 0.005 -22"><span class='ocrx_word' id='word_1_215' title='bbox 188 3872 377 3953; x_wconf 88' lang='lat' dir='ltr'>comparuit.</span> 
     </span>
    </p>

    <p class='ocr_par' dir='ltr' id='par_1_17' title="bbox 187 3977 1478 4587">
     <span class='ocr_line' id='line_1_34' title="bbox 293 3977 1448 4060; baseline 0.003 -23"><span class='ocrx_word' id='word_1_216' title='bbox 293 3977 372 4037; x_wconf 91' lang='lat' dir='ltr'>Item</span> <span class='ocrx_word' id='word_1_217' title='bbox 397 3977 471 4059; x_wconf 91' lang='lat' dir='ltr'>quia</span> <span class='ocrx_word' id='word_1_218' title='bbox 496 3977 648 4040; x_wconf 86' lang='lat' dir='ltr'>Nicolaua</span> <span class='ocrx_word' id='word_1_219' title='bbox 664 3977 703 4038; x_wconf 93' lang='lat' dir='ltr'>de</span> <span class='ocrx_word' id='word_1_220' title='bbox 721 3977 896 4040; x_wconf 90' lang='lat' dir='ltr'>Moroucha</span> <span class='ocrx_word' id='word_1_221' title='bbox 913 3998 970 4060; x_wconf 90' lang='lat' dir='ltr'>per</span> <span class='ocrx_word' id='word_1_222' title='bbox 987 3979 1199 4039; x_wconf 78' lang='lat' dir='ltr'>Laurentium</span> <span class='ocrx_word' id='word_1_223' title='bbox 1218 3977 1325 4040; x_wconf 84' lang='lat' dir='ltr'>-filium</span> <span class='ocrx_word' id='word_1_224' title='bbox 1342 3979 1448 4040; x_wconf 82' lang='lat' dir='ltr'>Vardo</span> 
     </span>
     <span class='ocr_line' id='line_1_35' title="bbox 188 4082 1449 4166; baseline 0.004 -25"><span class='ocrx_word' id='word_1_225' title='bbox 188 4100 220 4142; x_wconf 92' lang='lat' dir='ltr'>se</span> <span class='ocrx_word' id='word_1_226' title='bbox 246 4084 448 4144; x_wconf 89' lang='lat' dir='ltr'>verberatum</span> <span class='ocrx_word' id='word_1_227' title='bbox 473 4103 529 4166; x_wconf 89' lang='lat' dir='ltr'>per</span> <span class='ocrx_word' id='word_1_228' title='bbox 560 4097 655 4145; x_wconf 88' lang='lat' dir='ltr'>testes</span> <span class='ocrx_word' id='word_1_229' title='bbox 686 4082 879 4145; x_wconf 81' lang='lat' dir='ltr'>sufficienter</span> <span class='ocrx_word' id='word_1_230' title='bbox 912 4085 1145 4166; x_wconf 88' lang='lat' dir='ltr'>comprobavit,</span> <span class='ocrx_word' id='word_1_231' title='bbox 1178 4085 1251 4146; x_wconf 88' lang='lat' dir='ltr'>ideo</span> <span class='ocrx_word' id='word_1_232' title='bbox 1276 4085 1342 4166; x_wconf 91' lang='lat' dir='ltr'>ipse</span> <span class='ocrx_word' id='word_1_233' title='bbox 1368 4086 1449 4146; x_wconf 86' lang='lat' dir='ltr'>Lau·</span> 
     </span>
     <span class='ocr_line' id='line_1_36' title="bbox 188 4188 1478 4272; baseline 0.005 -25"><span class='ocrx_word' id='word_1_234' title='bbox 188 4188 314 4249; x_wconf 86' lang='lat' dir='ltr'>rencius</span> <span class='ocrx_word' id='word_1_235' title='bbox 332 4207 433 4270; x_wconf 87' lang='lat' dir='ltr'>usque</span> <span class='ocrx_word' id='word_1_236' title='bbox 450 4189 631 4271; x_wconf 89' lang='lat' dir='ltr'>quindenas</span> <span class='ocrx_word' id='word_1_237' title='bbox 647 4190 726 4251; x_wconf 90' lang='lat' dir='ltr'>duas</span> <span class='ocrx_word' id='word_1_238' title='bbox 750 4209 871 4251; x_wconf 91' lang='lat' dir='ltr'>marcas</span> <span class='ocrx_word' id='word_1_239' title='bbox 888 4190 969 4272; x_wconf 91' lang='lat' dir='ltr'>parti</span> <span class='ocrx_word' id='word_1_240' title='bbox 986 4190 1051 4252; x_wconf 89' lang='lat' dir='ltr'>lese</span> <span class='ocrx_word' id='word_1_241' title='bbox 1068 4204 1099 4251; x_wconf 92' lang='lat' dir='ltr'>et</span> <span class='ocrx_word' id='word_1_242' title='bbox 1115 4191 1255 4252; x_wconf 90' lang='lat' dir='ltr'>mediam</span> <span class='ocrx_word' id='word_1_243' title='bbox 1272 4190 1370 4272; x_wconf 79' lang='lat' dir='ltr'>judici</span> <span class='ocrx_word' id='word_1_244' title='bbox 1387 4194 1449 4253; x_wconf 96' lang='lat' dir='ltr'>sol·</span> <span class='ocrx_word' id='word_1_245' title='bbox 1475 4219 1478 4222; x_wconf 48' lang='lat'><em>⁴</em></span> 
     </span>
     <span class='ocr_line' id='line_1_37' title="bbox 187 4294 1449 4380; baseline 0.007 -28"><span class='ocrx_word' id='word_1_246' title='bbox 187 4312 261 4354; x_wconf 87' lang='lat' dir='ltr'>vere</span> <span class='ocrx_word' id='word_1_247' title='bbox 286 4294 433 4370; x_wconf 91' lang='lat' dir='ltr'>debebit;</span> <span class='ocrx_word' id='word_1_248' title='bbox 459 4308 490 4357; x_wconf 89' lang='lat' dir='ltr'>et</span> <span class='ocrx_word' id='word_1_249' title='bbox 513 4295 574 4356; x_wconf 94' lang='lat' dir='ltr'>hoc</span> <span class='ocrx_word' id='word_1_250' title='bbox 597 4295 664 4377; x_wconf 91' lang='lat' dir='ltr'>ipse</span> <span class='ocrx_word' id='word_1_251' title='bbox 683 4296 878 4357; x_wconf 88' lang='lat' dir='ltr'>Laurencius</span> <span class='ocrx_word' id='word_1_252' title='bbox 895 4296 935 4357; x_wconf 88' lang='lat' dir='ltr'>ad</span> <span class='ocrx_word' id='word_1_253' title='bbox 959 4297 1156 4378; x_wconf 84' lang='lat' dir='ltr'>presenciam</span> <span class='ocrx_word' id='word_1_254' title='bbox 1174 4296 1317 4377; x_wconf 79' lang='lat' dir='ltr'>judicum</span> <span class='ocrx_word' id='word_1_255' title='bbox 1341 4297 1449 4380; x_wconf 86' lang='lat' dir='ltr'>appel·</span> 
     </span>
     <span class='ocr_line' id='line_1_38' title="bbox 187 4399 1448 4483; baseline 0.003 -23"><span class='ocrx_word' id='word_1_256' title='bbox 187 4399 265 4460; x_wconf 90' lang='lat' dir='ltr'>lavit</span> <span class='ocrx_word' id='word_1_257' title='bbox 289 4419 432 4462; x_wconf 85' lang='lat' dir='ltr'>asserens</span> <span class='ocrx_word' id='word_1_258' title='bbox 457 4414 488 4463; x_wconf 93' lang='lat' dir='ltr'>et</span> <span class='ocrx_word' id='word_1_259' title='bbox 511 4399 692 4481; x_wconf 89' lang='lat' dir='ltr'>producens</span> <span class='ocrx_word' id='word_1_260' title='bbox 722 4401 942 4463; x_wconf 89' lang='lat' dir='ltr'>testimonium</span> <span class='ocrx_word' id='word_1_261' title='bbox 968 4402 1056 4483; x_wconf 93' lang='lat' dir='ltr'>quod</span> <span class='ocrx_word' id='word_1_262' title='bbox 1089 4402 1154 4483; x_wconf 91' lang='lat' dir='ltr'>ipse</span> <span class='ocrx_word' id='word_1_263' title='bbox 1177 4403 1216 4465; x_wconf 93' lang='lat' dir='ltr'>N.</span> <span class='ocrx_word' id='word_1_264' title='bbox 1241 4416 1352 4464; x_wconf 89' lang='lat' dir='ltr'>contra</span> <span class='ocrx_word' id='word_1_265' title='bbox 1375 4423 1448 4464; x_wconf 91' lang='lat' dir='ltr'>eum</span> 
     </span>
     <span class='ocr_line' id='line_1_39' title="bbox 189 4492 760 4587; baseline 0.005 -21"><span class='ocrx_word' id='word_1_266' title='bbox 189 4507 394 4587; x_wconf 82' lang='lat' dir='ltr'>evaginatum</span> <span class='ocrx_word' id='word_1_267' title='bbox 419 4506 571 4567; x_wconf 87' lang='lat' dir='ltr'>bicellum</span> <span class='ocrx_word' id='word_1_268' title='bbox 595 4492 760 4570; x_wconf 81' lang='lat' dir='ltr'>tenuisset</span> 
     </span>
    </p>

    <p class='ocr_par' dir='ltr' id='par_1_18' title="bbox 187 4611 1450 4906">
     <span class='ocr_line' id='line_1_40' title="bbox 294 4611 1450 4698; baseline 0.004 -26"><span class='ocrx_word' id='word_1_269' title='bbox 294 4611 372 4674; x_wconf 88' lang='lat' dir='ltr'>item</span> <span class='ocrx_word' id='word_1_270' title='bbox 399 4627 514 4674; x_wconf 88' lang='lat' dir='ltr'>octavo</span> <span class='ocrx_word' id='word_1_271' title='bbox 539 4612 591 4673; x_wconf 93' lang='lat' dir='ltr'>die</span> <span class='ocrx_word' id='word_1_272' title='bbox 613 4613 725 4674; x_wconf 84' lang='lat' dir='ltr'>textrix</span> <span class='ocrx_word' id='word_1_273' title='bbox 751 4613 890 4694; x_wconf 92' lang='lat' dir='ltr'>quedam</span> <span class='ocrx_word' id='word_1_274' title='bbox 907 4629 1016 4676; x_wconf 89' lang='lat' dir='ltr'>contra</span> <span class='ocrx_word' id='word_1_275' title='bbox 1031 4615 1099 4678; x_wconf 91' lang='lat' dir='ltr'>Cus</span> <span class='ocrx_word' id='word_1_276' title='bbox 1122 4636 1155 4677; x_wconf 88' lang='lat' dir='ltr'>se</span> <span class='ocrx_word' id='word_1_277' title='bbox 1179 4630 1265 4677; x_wconf 86' lang='lat' dir='ltr'>sexta</span> <span class='ocrx_word' id='word_1_278' title='bbox 1288 4634 1384 4698; x_wconf 88' lang='lat' dir='ltr'>super</span> <span class='ocrx_word' id='word_1_279' title='bbox 1400 4635 1450 4694; x_wconf 87' lang='lat' dir='ltr'>e0,</span> 
     </span>
     <span class='ocr_line' id='line_1_41' title="bbox 188 4716 1450 4803; baseline 0.004 -25"><span class='ocrx_word' id='word_1_280' title='bbox 188 4716 276 4797; x_wconf 93' lang='lat' dir='ltr'>quod</span> <span class='ocrx_word' id='word_1_281' title='bbox 300 4718 427 4780; x_wconf 89' lang='lat' dir='ltr'>nullum</span> <span class='ocrx_word' id='word_1_282' title='bbox 451 4716 569 4780; x_wconf 81' lang='lat' dir='ltr'>furtum</span> <span class='ocrx_word' id='word_1_283' title='bbox 592 4717 653 4779; x_wconf 88' lang='lat' dir='ltr'>sibi</span> <span class='ocrx_word' id='word_1_284' title='bbox 669 4731 879 4801; x_wconf 88' lang='lat' dir='ltr'>perpetrasset</span> <span class='ocrx_word' id='word_1_285' title='bbox 901 4739 960 4782; x_wconf 87' lang='lat' dir='ltr'>nec</span> <span class='ocrx_word' id='word_1_286' title='bbox 976 4720 1017 4781; x_wconf 93' lang='lat' dir='ltr'>ad</span> <span class='ocrx_word' id='word_1_287' title='bbox 1040 4721 1287 4803; x_wconf 86' lang='lat' dir='ltr'>perpetrandum</span> <span class='ocrx_word' id='word_1_288' title='bbox 1312 4721 1450 4784; x_wconf 85' lang='lat' dir='ltr'>venisset</span> 
     </span>
     <span class='ocr_line' id='line_1_42' title="bbox 187 4819 730 4906; baseline 0.009 -23"><span class='ocrx_word' id='word_1_289' title='bbox 187 4819 401 4902; x_wconf 81' lang='lat' dir='ltr'>juramentum</span> <span class='ocrx_word' id='word_1_290' title='bbox 427 4838 566 4906; x_wconf 88' lang='lat' dir='ltr'>prestare</span> <span class='ocrx_word' id='word_1_291' title='bbox 590 4823 730 4888; x_wconf 89' lang='lat' dir='ltr'>debebit.</span> 
     </span>
    </p>
   </div>
   <div class='ocr_carea' id='block_1_3' title="bbox 0 0 1748 5250">
    <p class='ocr_par' dir='ltr' id='par_1_19' title="bbox 0 0 1748 5250">
     <span class='ocr_line' id='line_1_43' title="bbox 0 0 1748 5250; baseline 0 0"><span class='ocrx_word' id='word_1_292' title='bbox 0 0 1748 5250; x_wconf 95' lang='lat' dir='ltr'> </span> 
     </span>
    </p>
   </div>
  </div>
 </body>
</html>
