3488 5250
260 357 322 438 318
623 359 708 416 Anno
731 355 821 434 1363.
848 392 888 402 —
911 370 940 435 7.
968 321 1136 421 novembrii.

364 567 441 628 Item
467 567 542 648 quia
568 566 613 629 St.
638 587 694 649 per
717 567 847 650 Mathey
871 569 911 630 de
935 567 1082 631 Gracban
1110 590 1143 632 se
1167 589 1226 631 suo
1250 570 1412 633 mediante
1436 571 1519 652 jura-

258 690 370 738 mento
395 676 598 737 verberatum
623 675 855 756 comprobavit,
878 676 953 737 ideo
977 675 1056 737 duas
1072 695 1193 739 marcas
1215 695 1317 758 usque
1341 677 1521 760 quindenas

257 781 338 865 parti
352 781 484 843 adverse
499 794 530 841 et
543 780 683 842 mediam
696 779 794 860 judici
804 781 917 860 solvet,
931 801 1096 863 nunquam
1110 782 1197 844 enim
1208 783 1312 844 voluit
1324 802 1519 864 comparere.

363 886 440 947 Item
465 899 580 947 octavo
605 885 657 947 die
673 885 769 947 Kuna
792 900 901 948 contra
925 886 1092 949 dominam
1108 887 1283 950 Blancbam
1307 907 1364 970 per
1387 907 1520 949 uxorem

259 992 440 1074 Crizozlay‚
474 990 713 1053 Hermankonis
748 1005 779 1052 et
813 992 915 1053 Pause
953 992 1176 1054 testimonium
1205 1013 1301 1076 super
1334 994 1521 1055 verberibus

257 1097 423 1180 producet.

364 1203 441 1264 item
467 1216 581 1266 octavo
599 1203 651 1265 die
675 1202 782 1264 relicta
809 1203 895 1264 Bene
919 1216 1027 1265 contra
1052 1204 1160 1286 Matey
1184 1203 1311 1282 iurabit,
1329 1203 1417 1285 quod
1434 1204 1521 1265 idem

257 1309 390 1371 maritus
413 1329 490 1370 suus
513 1311 553 1372 ab
577 1309 648 1391 ipso
672 1310 780 1392 Matey
805 1329 901 1371 unam
926 1311 1058 1372 bancam
1084 1324 1309 1390 comparasset.

364 1415 441 1477 item
466 1435 540 1478 cum
564 1415 725 1477 Johannes
749 1416 910 1477 Barbacus
930 1417 1036 1477 veniet
1060 1416 1194 1478 domurn
1219 1430 1249 1478 et
1273 1417 1404 1499 recipiet
1427 1416 1460 1478 id
1477 1416 1516 1477 ad

257 1520 353 1583 fidem
387 1521 474 1603 quod
508 1520 611 1582 Draxe
642 1520 702 1582 sibi
736 1539 801 1581 uno
833 1519 956 1583 floreno
986 1535 1143 1600 teneatur,
1174 1536 1250 1583 tuuc
1280 1522 1384 1585 solvet
1415 1521 1520 1583 eidem

257 1627 379 1689 dictum
404 1625 573 1689 florenum.

363 1733 443 1794 item
467 1746 581 1794 octavo
606 1732 658 1793 die
681 1730 799 1812 jurabit
823 1732 940 1794 Paulus
963 1733 1066 1815 pictor
1093 1746 1203 1795 contra
1226 1734 1368 1797 relictam
1392 1733 1521 1795 Andree

256 1857 352 1919 super
376 1857 441 1900 uno
465 1837 535 1900 flor.
560 1852 591 1901 et
614 1839 643 1900 X
668 1838 817 1900 denariis.

363 1944 440 2006 Item
464 1945 575 2006 Petrus
598 1943 729 2026 piliator
753 1957 864 2007 contra
888 1945 998 2006 Mareu
1022 1945 1063 2006 ad
1087 1959 1160 2007 octo
1185 1945 1252 2007 dies
1274 1945 1449 2007 terminum
1472 1965 1521 2006 re·

257 2049 342 2130 cepit
364 2050 591 2132 respondendi.

365 2154 444 2217 Item
466 2156 541 2237 quia
566 2156 722 2218 Martinus
745 2169 833 2217 sutor
866 2154 1041 2238 Georgium
1073 2157 1276 2238 vituperavit,
1308 2157 1460 2218 remansit
1486 2156 1519 2217 in

258 2260 384 2321 duabus
408 2261 522 2322 marcis
546 2274 576 2322 et
600 2259 697 2341 judici
723 2261 755 2322 in
779 2260 885 2322 media
911 2281 1010 2342 usque
1033 2261 1222 2343 quindenas.

283 2493 382 2568 Feria
412 2499 516 2568 tercia
545 2499 699 2585 proxima
728 2506 805 2568 ante
833 2497 956 2568 festum
983 2497 1072 2567 beati
1102 2497 1240 2568 Martini
1268 2495 1480 2569 confessoris.

760 2651 802 2726 (7.
826 2651 1007 2727 novembris).

364 2791 442 2852 Item
473 2789 618 2850 Thomas
650 2787 789 2851 frenator
821 2803 928 2851 contra
962 2790 1091 2851 Petrum
1123 2788 1315 2851 frenatorem
1340 2790 1444 2868 primo
1478 2790 1521 2851 ci·

257 2908 341 2957 tatus
365 2915 430 2956 non
455 2895 643 2975 comparuit.

364 3001 440 3062 item
467 2999 610 3061 Francha
634 3014 748 3062 octavo
773 2999 824 3060 die
846 2999 942 3061 debet
965 3000 1184 3062 testimonium
1210 2999 1387 3082 producere
1411 3012 1522 3060 contra

258 3105 439 3168 iohannem
464 3125 536 3167 cum
554 3125 653 3166 uxore
678 3105 800 3166 Mareni
818 3104 1016 3186 Wragouich
1041 3121 1072 3166 er
1084 3125 1182 3167 uxore
1200 3106 1303 3167 Draxe
1327 3124 1422 3186 super
1439 3104 1522 3165 vitu-

258 3212 348 3293 perio
372 3225 402 3272 et
426 3212 663 3273 verberatione.

363 3317 441 3378 ltem
466 3336 560 3378 causa
584 3316 712 3378 Thome
736 3330 766 3377 et
790 3317 873 3377 Petri
894 3315 1062 3377 frenatoris
1085 3316 1124 3377 ad
1150 3331 1223 3378 octo
1248 3317 1316 3378 dies
1341 3315 1381 3377 ad
1405 3334 1521 3398 pacem

258 3436 305 3484 est
329 3436 509 3504 prorogata.

363 3529 440 3589 Item
465 3529 576 3589 Petrus
605 3525 745 3590 frenator
777 3541 886 3588 contra
918 3527 1062 3588 relictam
1094 3526 1292 3607 Ferequonis
1324 3541 1438 3588 octavo
1469 3525 1522 3588 die

259 3633 354 3695 debet
378 3633 582 3715 respondere.

363 3738 440 3799 Item
465 3737 612 3800 Matheus
636 3751 749 3799 octavo
775 3737 826 3798 die
851 3737 946 3799 debet
978 3738 1117 3819 recipere
1142 3738 1183 3797 ad
1206 3736 1302 3798 fidem
1327 3750 1437 3798 contra
1463 3735 1518 3796 Ni-

257 3845 385 3906 colaum
409 3842 588 3905 carnificem
606 3862 700 3924 super
717 3863 768 3920 eo,
792 3842 880 3924 quod
898 3844 964 3925 ipse
981 3844 1121 3924 dampna
1138 3843 1331 3923 percepisset
1347 3860 1403 3924 per
1420 3842 1521 3902 boves

258 3951 415 4029 eiusdem,
439 3949 572 4030 prestito
596 3968 655 4010 suo
679 3948 860 4029 juramento
891 3949 976 4009 idem
1000 3949 1152 4009 Nicolaus
1176 3947 1354 4029 dampnum
1377 3946 1522 4008 eiusdem

258 4056 355 4117 debet
382 4056 517 4116 solvere.

365 4160 443 4222 Item
468 4173 582 4221 octavo
607 4159 658 4219 die
682 4160 793 4220 Mareu
818 4157 902 4220 filius
919 4159 997 4219 Wlk
1022 4159 1116 4219 debet
1139 4158 1280 4240 recipere
1304 4176 1399 4239 super
1423 4154 1520 4218 fidem

258 4265 400 4327 valorem
418 4265 585 4327 cuiusdam
610 4265 711 4325 anulii
729 4278 838 4326 contra
857 4265 999 4326 Katriam
1017 4264 1261 4327 tabernatricem
1286 4262 1346 4324 sibi
1370 4262 1522 4344 inpigno-

257 4371 327 4450 rati‚
352 4390 449 4452 quem
473 4371 540 4452 ipsa
563 4371 687 4432 solvere
713 4370 842 4431 debebit
866 4370 982 4431 eidem.

364 4477 443 4538 item
467 4497 561 4538 causa
585 4477 692 4538 relicte
718 4477 852 4538 Selenen
884 4490 914 4537 et
938 4476 1085 4537 Damiani
1119 4476 1234 4536 sutoris
1265 4475 1306 4537 ad
1331 4475 1521 4537 instanciam

257 4584 433 4665 proborum
458 4582 498 4644 ad
521 4597 669 4645 octavum
694 4582 779 4643 diem
804 4582 843 4644 ad
867 4601 979 4664 pacem
1004 4596 1051 4643 est
1074 4595 1254 4663 prorogata.

367 4688 445 4751 item
470 4689 591 4750 Iwanin
615 4700 724 4750 contra
749 4688 892 4750 Baboieb
924 4688 1029 4771 primo
1061 4687 1174 4749 citatus
1197 4707 1261 4750 non
1287 4686 1476 4770 comparuit.

365 4794 442 4856 Item
461 4793 633 4857 Klucharia
649 4807 759 4856 contra
783 4793 984 4855 Radozlaum
1001 4793 1105 4875 primo
1130 4793 1224 4854 citata
1248 4811 1314 4854 non
1331 4790 1521 4875 comparuit.
