3488 5250
622 359 706 417 Anno
729 371 817 437 1357.
842 395 885 403 —
908 374 936 419 Ι.
959 361 1134 435 septembris.

352 570 430 632 Item
449 569 608 651 Georgius
624 570 824 652 supradictus
841 590 914 632 cum
927 570 995 631 filio
1008 590 1067 632 suo
1085 584 1193 633 contra
1212 572 1386 633 Krauturm
1405 572 1510 654 primo

247 676 360 738 citatus
380 696 446 738 non
470 677 658 758 comparuit.
817 757 819 760 y

352 783 431 844 Item
463 782 587 844 Blasius
618 781 825 844 stacionarius
856 794 965 843 contra
998 783 1222 846 Sebastianum
1259 783 1365 866 primo
1398 784 1511 845 citatus

248 908 313 950 non
337 889 527 971 comparuit.
576 939 577 942 η

352 995 431 1056 Item
456 995 636 1056 Demetrius
660 1008 690 1055 et
711 992 889 1076 Gregorius
912 1009 1022 1056 contra
1047 995 1191 1077 Spanum
1208 995 1312 1078 primo
1337 997 1422 1058 citati
1445 1017 1509 1059 non

250 1115 508 1184 comparuerunt.

352 1208 430 1268 Item
455 1227 549 1269 causa
574 1226 635 1287 que
668 1206 801 1268 vertitur
833 1207 915 1269 inter
939 1207 1107 1268 Marenum
1141 1221 1171 1269 et
1195 1207 1358 1268 Andream
1384 1205 1509 1268 fabrum

247 1313 287 1373 ad
311 1333 423 1395 pacem
447 1333 503 1394 per
525 1326 621 1374 testes
644 1311 683 1373 ad
709 1326 782 1374 octo
806 1313 874 1373 dies
898 1327 944 1373 est
968 1327 1148 1394 prorogata.

351 1418 430 1480 Item
454 1433 567 1480 octavo
592 1418 645 1480 die
669 1418 715 1480 St.
739 1419 877 1479 condam
901 1419 1006 1498 judex,
1040 1419 1185 1501 Mychael
1210 1420 1295 1482 filius
1325 1440 1413 1498 suus,
1437 1420 1509 1481 Bla-

249 1524 314 1584 sius
338 1537 369 1585 et
394 1524 553 1605 Georgius
576 1538 685 1585 contra
717 1525 836 1586 litteras
864 1544 971 1585 coram
1004 1526 1097 1586 nobis
1121 1525 1276 1587 exhibitas
1307 1546 1364 1609 per
1388 1525 1509 1587 Antho-

247 1630 336 1691 nium
360 1629 463 1691 filium
487 1630 596 1709 Blasii,
620 1642 768 1691 tenentur
799 1649 983 1711 comparere
1016 1645 1047 1692 et
1070 1631 1154 1712 ipsas
1177 1632 1202 1691 si
1228 1645 1378 1713 poterunt
1400 1632 1511 1692 inanes

246 1737 466 1817 comprobare.

339 1842 430 1903 Item
454 1841 577 1902 Videch
602 1855 711 1902 contra
736 1841 909 1902 Martinum
935 1842 974 1902 ad
999 1855 1071 1902 octo
1094 1841 1162 1903 dies
1194 1842 1313 1924 recepit
1336 1842 1509 1903 termInum

247 1947 287 2008 ad
312 1947 582 2029 respondendum.

352 2054 429 2116 Item
455 2054 599 2115 Thomas
624 2054 803 2135 Krapingar
827 2066 935 2114 contra
960 2053 1101 2115 Blasium
1128 2054 1353 2119 stacionarium
1367 2053 1508 2114 secundo

246 2160 358 2221 citatus
382 2180 447 2222 non
477 2160 666 2242 comparuit.

351 2268 429 2328 Item
460 2267 628 2327 statuimus
658 2266 874 2348 possessiones
905 2265 1069 2327 Achkonis
1104 2266 1240 2347 provido
1271 2267 1340 2327 vlro
1373 2265 1508 2327 domino

246 2373 340 2435 Petro
364 2372 431 2434 filio
456 2373 572 2454 Ligarii
609 2391 667 2454 pro
703 2385 830 2433 centum
863 2371 931 2435 flor.
957 2373 1023 2434 auri
1049 2373 1155 2433 rnInus
1178 2373 1231 2451 III,
1267 2392 1348 2453 quos
1373 2373 1507 2434 asseruit

248 2480 313 2561 ipse
327 2479 476 2560 magister
489 2478 599 2539 Petrus
612 2497 644 2538 se
658 2477 806 2539 habuisse
820 2479 859 2539 ab
872 2478 997 2556 eodem,
1014 2498 1115 2559 usque
1129 2478 1187 2539 XV
1201 2478 1269 2539 dies
1285 2477 1507 2554 redImendas3

245 2584 296 2646 vel
320 2586 345 2646 si
371 2585 499 2646 easdem
523 2604 589 2644 non
621 2583 794 2662 rediment,
824 2598 938 2645 extunc
971 2605 1065 2666 super
1096 2604 1205 2646 earum
1231 2584 1420 2645 vendicione
1445 2584 1505 2665 ipsi

245 2691 397 2772 magistro
422 2690 515 2751 Petro
539 2703 662 2751 nostras
685 2689 804 2750 litteras
828 2691 968 2751 emanari
994 2690 1155 2752 iaciemus.

350 2797 429 2857 Item
453 2796 620 2856 statuimus
635 2795 852 2876 possessIones
870 2795 988 2857 Mathia
1006 2795 1192 2857 habitatoris
1209 2795 1308 2856 nostri
1326 2794 1430 2856 eidem
1450 2794 1506 2856 do·

245 2901 334 2963 mIno
359 2902 452 2963 Petro
477 2921 534 2981 pro
552 2901 608 2961 XL
625 2900 694 2962 flor.
713 2920 813 2983 usque
829 2901 1002 2963 terminum
1021 2900 1185 2983 prefixum,
1203 2900 1301 2961 modo
1319 2919 1384 2980 quo
1399 2919 1505 2982 supra.

351 3007 429 3067 Item
446 3007 613 3067 statuimus
629 3007 844 3088 possessiones
861 3007 987 3067 Arnolti
1008 3005 1064 3067 filii
1090 3005 1231 3067 Gracioli
1249 3005 1334 3067 dicto
1351 3005 1505 3085 magistro

139 3117 141 3122 ’
246 3112 338 3173 Petro
362 3130 464 3192 usque
495 3111 666 3172 termInum
700 3111 877 3192 predictum
902 3131 960 3193 pro
985 3112 1009 3170 II
1034 3111 1158 3189 marcis,
1183 3111 1281 3171 modo
1307 3130 1373 3191 quo
1397 3130 1502 3191 supra.

350 3218 428 3277 Item
445 3217 613 3277 statuimus
629 3217 845 3298 possessiones
869 3222 977 3299 Arnay
994 3218 1122 3278 sartoris
1146 3217 1280 3279 domiuo
1299 3218 1407 3278 Marco
1439 3217 1507 3279 filio

246 3322 364 3384 Donati
388 3341 446 3403 pro
472 3323 529 3381 XX
554 3324 623 3384 flor.
641 3342 741 3401 usque
765 3324 938 3383 terminum
955 3323 1184 3404 supradictum,
1204 3323 1302 3383 modo
1320 3342 1385 3403 quo
1402 3343 1506 3404 supra.

355 3428 430 3488 Item
449 3428 617 3488 statuimus
634 3430 849 3508 possessiones
866 3428 1068 3489 Chernkonis
1084 3429 1264 3509 jobagionis
1278 3429 1402 3490 comitis
1431 3429 1506 3490 Iuan

245 3534 350 3594 eidem
383 3534 491 3593 Marco
522 3531 588 3593 filio
611 3533 726 3593 Donati
761 3553 860 3614 usque
891 3534 1062 3594 terminum
1094 3533 1248 3615 prefixum
1279 3554 1336 3615 pro
1369 3535 1397 3594 Χ
1424 3533 1504 3612 flor,

246 3640 344 3698 modo
369 3637 562 3719 supradicto,

351 3743 427 3802 Item
452 3743 526 3802 licet
557 3743 661 3803 Lubse
694 3743 817 3802 Mikech
850 3743 969 3804 dictum
1006 3742 1139 3824 Kaplich
1172 3744 1326 3824 legittime
1352 3745 1505 3825 citaverit,

244 3861 351 3908 tamen
371 3867 435 3908 non
453 3848 539 3908 venit
552 3868 610 3908 ncc
627 3849 721 3924 misit,
739 3863 826 3909 actor
840 3850 985 3925 existens,
1003 3869 1061 3930 pro
1078 3870 1111 3909 se
1125 3850 1266 3929 aliquem
1279 3850 1319 3910 ad
1333 3851 1505 3931 agendum.

273 4064 365 4149 Nota,
396 4067 481 4154 quod
503 4066 586 4137 lerIa
611 4073 707 4137 sexta
736 4069 889 4154 proxima
918 4074 995 4137 ante
1015 4066 1135 4137 festum
1158 4067 1355 4139 Nativitatis
1384 4070 1479 4140 beate

729 4191 834 4259 llarIe
862 4192 1013 4277 viminis,

755 4342 796 4414 (1.
819 4343 1003 4416 seplcmbrr's).

351 4480 457 4540 PrImo
483 4480 600 4539 Paulus
624 4492 733 4539 contra
763 4481 896 4560 Mykech
930 4480 1066 4541 condam
1091 4480 1230 4559 judicem
1263 4483 1367 4563 prImo
1393 4482 1505 4543 citatus

245 4601 310 4641 non
336 4585 524 4664 comparuit.

350 4689 428 4749 Item
461 4688 606 4750 Andreas
641 4688 780 4750 frenator
811 4704 919 4751 contra
954 4692 1123 4752 Nicolaum
1155 4693 1258 4773 primo
1294 4692 1407 4753 citatus
1438 4713 1503 4754 non

246 4795 433 4874 comparuit.
