3488 5250
612 322 699 420 duno
722 358 813 438 1363.
838 395 880 405 —
903 371 952 437 27.
976 361 1107 423 octobris.
1442 379 1503 440 3¹7

237 573 356 654 recepit
379 572 531 634 bicellum
556 572 596 633 ab
613 590 652 632 eo
676 585 707 633 et
724 569 813 632 dedit
836 589 910 631 eum
928 570 1069 631 Henrico
1093 567 1235 651 pellifici,
1260 571 1315 651 qui
1345 570 1505 631 Henricus

237 676 296 738 sibi
322 696 394 737 eum
420 676 566 753 restituit,
590 688 711 738 etcum
735 695 810 737 eum
825 675 1023 753 restituisset,
1044 693 1118 736 mox
1134 694 1279 737 reversus
1295 695 1369 736 eum
1388 675 1502 736 vulne·

239 796 355 858 rasset3
379 781 419 844 ad
443 795 517 844 octo
541 781 609 842 dies
633 780 750 861 (causa)
775 794 945 862 prorogata
969 794 1015 842 est
1038 780 1078 842 ad
1102 798 1225 862 pacem.

343 887 421 948 Item
446 907 539 949 causa
563 906 627 968 que
644 886 777 949 vertitur
801 887 883 948 inter
906 885 1049 948 relictam
1067 885 1204 947 Zelezen
1228 898 1260 948 et
1284 884 1502 968 Dampianum

238 1006 380 1054 sutorem
404 1005 576 1075 prorogata
600 991 710 1053 estad
735 1011 846 1074 pacem
870 1011 926 1074 per
950 1005 1044 1053 testes
1067 990 1107 1052 ad
1131 1004 1205 1052 octo
1229 990 1307 1053 dies.

344 1098 422 1162 Item
454 1117 548 1159 causa
579 1116 643 1178 que
673 1097 806 1159 vertitur
837 1097 919 1158 inter
952 1096 1029 1158 Iuan
1071 1094 1252 1168 carnificem
1283 1110 1315 1158 et
1345 1094 1503 1158 famulum

239 1206 310 1267 Elie
335 1204 517 1267 stacionarii
543 1203 652 1264 estad
677 1216 750 1264 octo
775 1202 844 1265 dies
865 1215 1035 1285 prorogata
1059 1221 1116 1285 per
1138 1203 1248 1264 Maren
1273 1201 1313 1264 ad
1337 1221 1460 1284 pacem.

306 1295 310 1303 ¹
347 1311 424 1372 Item
449 1329 550 1393 usque
575 1308 755 1390 quindenas
778 1307 940 1370 Johannes
958 1307 1119 1371 Christine
1144 1307 1233 1370 dabit
1249 1307 1358 1370 Katrie
1375 1308 1503 1370 mulieri

241 1417 385 1498 quinque
408 1415 552 1498 pondera
577 1434 649 1476 cum
674 1414 782 1476 medio
810 1414 945 1495 argenti,
969 1425 999 1475 et
1022 1412 1140 1494 jurabit
1170 1427 1283 1475 octavo
1308 1413 1360 1475 die
1385 1413 1452 1496 ipse
1477 1413 1504 1475 J.

240 1522 329 1604 quod
354 1522 385 1583 in
410 1520 556 1604 pluribus
579 1519 777 1603 ponderibus
800 1519 860 1580 sibi
886 1538 950 1580 non
974 1532 1131 1580 teneatur.

344 1628 423 1689 Item
448 1646 542 1688 causa
558 1626 669 1688 Maren
693 1626 848 1689 senatoris
872 1625 903 1687 in
922 1644 961 1686 eo
984 1638 1067 1685 statu
1092 1624 1207 1705 inquo
1232 1643 1317 1685 nunc
1342 1623 1446 1686 existit
1463 1622 1503 1684 ad

239 1747 313 1796 octo
338 1733 407 1795 dies
430 1747 477 1795 est
500 1746 682 1815 prorogata.

346 1838 424 1900 item
448 1852 562 1900 octavo
588 1838 640 1899 die
664 1837 840 1919 Dyonisius
863 1851 971 1898 contra
997 1836 1104 1898 Endre
1127 1856 1183 1918 per
1206 1836 1316 1897 Maren
1341 1848 1373 1898 et
1396 1835 1503 1897 Endre

242 1945 461 2006 testimonium
488 1944 528 2004 de
552 1943 771 2005 convencione
795 1942 911 2004 domus
935 1941 1015 2004 facte
1040 1942 1136 2003 debet
1159 1941 1300 2003 recitare.

347 2048 426 2111 Item
450 2061 564 2111 octavo
586 2048 639 2109 die
657 2047 830 2129 Jurglynus
846 2046 966 2128 juratus
998 2047 1160 2129 quendam
1185 2045 1377 2128 Jurglynum
1395 2059 1503 2109 contra

238 2153 308 2216 Och
332 2168 469 2217 statuere
494 2154 590 2217 debet
613 2154 653 2214 ad
677 2153 845 2215 iusticiam.

346 2258 423 2321 Item
449 2258 586 2321 Jancech
617 2272 728 2320 contra
759 2259 960 2341 Merclynum
985 2258 1025 2320 ad
1058 2273 1131 2320 octo
1155 2259 1223 2320 dies
1255 2258 1429 2321 terminum
1454 2276 1502 2319 re·

241 2365 326 2447 cepit
349 2364 575 2446 respondendi.

345 2471 423 2533 Item
448 2484 561 2532 octavo
585 2471 638 2531 die
663 2469 819 2531 Martinus
842 2485 951 2532 contra
983 2471 1185 2533 Radozlaum
1218 2490 1274 2552 per
1299 2470 1427 2532 Petrum
1452 2491 1503 2532 su·

239 2589 353 2651 torem,
377 2576 570 2659 Dyonisium
595 2576 751 2638 decanum
769 2589 800 2638 et
825 2574 955 2658 Gyurak
971 2577 1192 2639 testimonium
1212 2576 1389 2659 producere
1407 2577 1503 2640 debet

239 2699 334 2762 super
358 2701 407 2758 eo,
432 2681 520 2763 quod
543 2683 603 2743 sibi
628 2697 701 2743 octo
724 2680 864 2743 florenos
886 2682 919 2743 in
943 2682 1066 2744 lucrum
1092 2682 1225 2745 dederit.

344 2786 422 2848 Item
446 2787 513 2850 Cus
536 2788 575 2849 de
600 2789 689 2849 Nova
713 2786 789 2847 villa
814 2787 918 2868 primo
951 2788 1064 2849 citatus
1095 2801 1205 2849 contra
1229 2789 1304 2849 lnan
1330 2787 1499 2850 Chidauch

242 2911 305 2952 non
331 2893 520 2974 comparuit.

348 2999 425 3059 Item
450 3019 544 3060 causa
562 3000 690 3061 Martini
718 3001 841 3083 Reyniz
858 3015 889 3063 et
906 2999 1053 3081 Gregorii
1079 3000 1154 3060 Jaxe
1179 2999 1218 3060 ad
1235 2997 1348 3060 feriam
1372 2999 1504 3061 terciam

241 3116 288 3163 est
311 3116 492 3184 prorogata,
517 3119 547 3166 et
571 3105 807 3186 presencialiter
830 3107 954 3168 domini
983 3105 1122 3167 cantoris
1145 3106 1241 3167 debet
1272 3106 1422 3167 interesse
1447 3125 1503 3188 per

242 3209 346 3289 ipsum
372 3207 564 3290 Gregorium
589 3210 787 3273 adducenda.

347 3314 425 3376 Item
443 3335 536 3377 causa
553 3317 739 3378 statutionis
755 3318 920 3379 cuiusdam
939 3319 1079 3380 hominis
1102 3337 1158 3399 per
1175 3317 1375 3379 Demetrium
1392 3330 1504 3378 contra

242 3418 421 3482 iohannem
444 3419 546 3482 filium
570 3422 646 3483 iuan
672 3423 711 3483 ad
737 3438 809 3484 octo
834 3423 902 3486 dies
926 3437 1095 3506 prorogata
1120 3436 1166 3485 est
1189 3422 1229 3484 ad
1253 3441 1376 3504 pacem.

347 3525 423 3587 Item
451 3527 561 3588 Petrus
593 3525 732 3589 frenator
764 3528 860 3590 debet
890 3528 993 3610 jurare
1025 3541 1135 3591 contra
1160 3528 1259 3590 Mihel
1290 3540 1431 3590 sutorem
1455 3546 1504 3587 se-

203 3713 207 3720 ·
241 3632 364 3692 cundus
388 3647 453 3693 met
477 3632 554 3694 feria
578 3648 675 3696 sexta.

346 3737 424 3799 Item
450 3752 563 3800 octavo
587 3739 639 3800 die
665 3738 840 3821 Gregorius
863 3753 951 3802 sutor
967 3754 1077 3801 contra
1101 3740 1265 3801 Donatum
1288 3760 1321 3801 se
1345 3741 1504 3802 secundus

242 3843 369 3922 jurabit,
394 3843 483 3924 quod
507 3865 564 3926 per
588 3865 661 3906 eum
687 3845 781 3907 fuerit
805 3847 999 3908 vulneratus.

348 3949 432 4022 Quia
457 3950 542 4011 enim
568 3950 633 4033 ipse
652 3951 797 4013 Donatus
816 3953 1017 4034 proponebat
1041 3971 1115 4013 eum
1132 3971 1236 4012 ceram
1261 3950 1377 4013 furtive
1403 3952 1434 4012 in
1452 3952 1500 4012 sui

242 4053 351 4114 tributi
385 4053 612 4116 detrimentum
643 4075 853 4138 comparasse,
886 4057 1038 4138 idemque
1070 4076 1109 4118 eo
1141 4058 1240 4118 modo
1272 4076 1375 4118 ceram
1402 4058 1504 4139 ipsam

242 4159 355 4220 emisse
379 4180 411 4220 se
437 4161 575 4240 negavit,
608 4161 733 4223 dicens:
765 4178 798 4224 ur
822 4163 847 4224 si
871 4177 980 4224 contra
1005 4183 1078 4224 eum
1103 4163 1142 4224 ad
1174 4176 1298 4225 tantum
1331 4182 1386 4243 per
1410 4163 1505 4224 unius

242 4284 376 4345 persone
400 4267 640 4327 attestacionem
665 4284 772 4348 posset
788 4270 1009 4350 comprobare,
1033 4288 1091 4330 nec
1116 4288 1251 4351 persona
1270 4289 1327 4330 nec
1352 4288 1401 4330 res
1416 4269 1502 4329 salve

242 4369 453 4446 haberentur;
479 4371 552 4433 ideo
576 4371 653 4432 dum
678 4373 744 4455 ipse
771 4373 916 4436 Donatus
941 4375 1097 4436 iusticiam
1130 4389 1305 4456 exequetur
1328 4374 1503 4455 procedent

243 4474 273 4536 in
298 4495 391 4537 causa
416 4489 449 4538 ut
474 4477 639 4540 incumbit.

349 4580 425 4642 Item
451 4582 526 4662 quia
552 4582 704 4644 Nicolaus
728 4583 888 4664 organista
912 4585 1130 4645 testimonium
1153 4586 1240 4666 quod
1265 4598 1375 4647 contra
1392 4605 1504 4666 qnam-

243 4687 316 4748 dam
335 4686 504 4749 mulierem
522 4688 699 4770 producere
713 4704 936 4770 assumpserat,
953 4710 1018 4751 non
1035 4690 1197 4771 produxit,
1214 4690 1352 4772 perdidit
1364 4710 1505 4754 causam.

349 4793 426 4855 irem
451 4795 576 4877 Ztoyko
600 4809 715 4856 octavo
738 4796 790 4856 die
823 4814 855 4856 se
883 4797 1000 4875 tercius
1030 4795 1281 4877 juramentaliter
1316 4798 1506 4878 expurgabit

243 4917 276 4960 se
300 4899 332 4960 in
357 4919 465 4981 panno
488 4901 649 4962 subtracto
673 4921 690 4962 a
716 4900 861 4963 Johanne
885 4916 1016 4964 sartore.
