3488 5250
238 351 299 414 312
621 333 708 390 Anno
731 327 822 408 1363.
845 364 889 374 -
912 341 960 407 17.
983 331 1113 390 octobris.

342 541 418 603 ltem
443 556 557 603 octavo
582 540 633 602 die
658 542 857 622 Dragozlaus
880 554 989 602 contra
1010 539 1077 602 Cus
1099 559 1156 622 per
1179 539 1356 601 Henricum
1373 553 1404 601 et
1420 539 1497 600 luan

235 647 456 709 testimonium
481 666 575 728 super
599 646 765 728 vituperiis
788 646 953 728 producet.

343 751 420 814 ltem
446 751 583 814 Michael
608 751 708 813 lector
731 767 840 814 contra
862 749 965 812 lilium
989 750 1151 813 Christine
1168 751 1273 833 primo
1296 751 1409 813 citatus
1433 768 1497 811 non

236 859 425 940 comparuit.

342 964 420 1025 ltem
438 963 562 1046 Ztoylro
579 976 689 1024 contra
706 960 886 1023 lohannem
907 960 1061 1023 sartorem
1085 961 1125 1022 ad
1143 975 1217 1023 octo
1241 961 1310 1024 dies
1325 961 1497 1023 terminum

237 1070 356 1151 recepit
378 1068 606 1152 respondendi.

343 1175 421 1236 ltem
446 1175 554 1236 relicta
579 1173 707 1235 Andree
732 1186 840 1234 contra
859 1172 995 1234 Paulum
1020 1173 1176 1255 pictorem
1192 1175 1297 1257 primo
1321 1175 1415 1236 citata
1433 1193 1499 1236 non

237 1281 426 1362 comparuit.

344 1385 421 1447 ltem
447 1384 599 1446 Nicolaus
623 1385 771 1447 Todcam
803 1385 907 1467 primo
939 1386 1052 1447 citatus
1084 1400 1193 1447 contra
1225 1385 1375 1448 Radcech
1398 1405 1499 1446 sacer-

236 1492 347 1553 dotem
371 1511 436 1552 non
461 1491 640 1573 comparuit

342 1597 421 1658 ltem
453 1615 546 1657 causa
578 1596 746 1659 Michaelis
776 1596 892 1658 sutoris
921 1610 952 1658 et
985 1597 1068 1658 Petri
1093 1595 1261 1659 frenatoris
1293 1596 1401 1659 estad
1426 1609 1500 1658 octo

237 1702 305 1765 dies
328 1701 368 1763 ad
393 1721 503 1783 pacem
528 1716 709 1783 prorogata.

342 1807 421 1869 ltem
446 1807 608 1868 lohannes
631 1807 874 1869 archidiaconus
898 1807 937 1868 de
966 1808 1070 1869 Vaska
1094 1821 1203 1869 contra
1229 1807 1295 1870 Cus
1319 1805 1499 1869 carnificem

237 1913 379 1975 secundo
404 1913 516 1974 citatus
539 1933 603 1974 non
631 1913 820 1996 comparuit.

343 2018 421 2080 Item
447 2018 551 2100 lghlar
574 2019 679 2099 primo
706 2020 820 2081 citatus
843 2033 951 2081 contra
980 2019 1117 2081 Jancech
1139 2038 1206 2081 non
1230 2019 1418 2102 comparuit.

343 2124 422 2185 ltem
446 2125 590 2207 Zau(a)la
606 2125 711 2207 primo
732 2125 845 2187 citatus
868 2138 977 2186 contra
995 2123 1189 2206 Gregorium
1213 2123 1410 2186 aurifabrum
1434 2143 1500 2186 non

238 2230 426 2311 comparuit.

345 2335 421 2396 ltem
447 2337 569 2419 Symon
594 2350 704 2397 contra
722 2336 891 2397 Nicolaum
916 2334 1115 2397 aurifabrum
1138 2336 1178 2397 ad
1203 2350 1276 2398 octo
1301 2335 1369 2397 dies
1392 2337 1501 2398 termi-

238 2459 315 2501 num
340 2442 458 2524 recepit
482 2441 709 2523 respondendi.

344 2546 421 2608 ltem
435 2561 549 2608 octavo
562 2547 614 2607 die
628 2544 787 2627 Georgius
800 2560 909 2609 contra
919 2547 1093 2608 Martinum
1109 2561 1249 2608 sutorem
1263 2566 1320 2628 per
1337 2546 1499 2608 Andream

237 2654 345 2715 wzdar
375 2668 406 2714 et
438 2654 616 2715 Johannem
650 2654 834 2735 selliparum
869 2655 1088 2717 testimonium
1112 2674 1207 2737 super
1238 2655 1403 2737 vituperiis
1426 2674 1500 2738 pro·

241 2758 346 2838 ducet,
371 2779 429 2821 nec
453 2779 518 2820 non
551 2758 629 2820 feria
659 2775 745 2821 sexta
777 2760 1008 2822 architriclinos
1038 2780 1133 2843 super
1164 2761 1382 2823 convencione
1407 2775 1501 2839 terre,

240 2864 407 2926 videlicet:
433 2865 540 2926 Petras
564 2880 594 2925 et
619 2866 735 2927 Lachlr.

344 2970 422 3031 ltem
447 2990 539 3031 causa
564 2971 641 3031 luan
666 2971 830 3051 cirologici
855 2983 964 3032 contra
982 2971 1152 3032 Nicolaum
1177 2973 1309 3036 Jurizlai
1335 2986 1381 3034 eat
1395 2973 1502 3035 taliter

238 3075 430 3153 adiudicata‚
455 3077 543 3157 quod
568 3091 682 3137 octavo
706 3076 758 3138 die
782 3077 900 3138 iurabit
930 3076 996 3157 ipse
1021 3077 1189 3156 Nicolaus‚
1222 3078 1310 3160 quod
1335 3079 1502 3140 columbas

239 3199 318 3261 quas
349 3182 533 3260 interemit,
559 3182 709 3263 ignorans
740 3182 907 3244 columbas
939 3181 1038 3264 ipsius
1068 3182 1143 3244 luan
1170 3203 1248 3261 esse,
1280 3184 1502 3265 percussisset;
1560 3248 1567 3263 ,

239 3286 370 3347 demum
395 3286 512 3367 jurabit
536 3287 622 3348 idem
647 3287 723 3349 luan
741 3301 898 3369 quantum
919 3288 1096 3369 dampnum
1112 3289 1173 3350 eibi
1191 3289 1223 3349 in
1248 3288 1324 3371 ipsis
1340 3289 1502 3350 columbis

241 3391 393 3470 intulerit,
419 3393 506 3473 quod
532 3393 707 3475 dampnum
733 3394 792 3454 sibi
817 3394 978 3455 tenebitur
1001 3406 1196 3470 restaurare3
1232 3392 1313 3455 hanc
1337 3393 1501 3474 adjudica·
1531 3402 1535 3409 ⁴

239 3496 366 3558 cionem
400 3498 595 3579 redarguens
629 3499 696 3580 ipse
733 3501 772 3561 N.
808 3499 848 3560 ad
884 3500 1081 3580 presenciam
1117 3499 1260 3578 judicum
1291 3499 1502 3580 antiquorum

239 3602 424 3682 appellavit.

345 3708 422 3769 ltem
447 3709 647 3770 adiudicacio
671 3729 764 3771 cause
790 3707 938 3789 Gregorii
970 3724 1078 3771 contra
1104 3710 1265 3772 Donatum
1291 3710 1401 3772 estad
1426 3724 1501 3772 octo

239 3813 307 3874 dies
331 3830 511 3895 prorogata.

345 3920 422 3982 ltem
448 3921 631 3982 Radozlaus
649 3935 758 3983 contra
783 3921 955 3982 Martinum
975 3922 1079 4002 primo
1097 3922 1210 3984 citatus
1231 3943 1297 3984 non
1314 3922 1503 4005 comparuit.

344 4026 421 4086 ltem
440 4026 584 4106 Dragech
601 4040 710 4087 contra
727 4027 869 4088 relictam
887 4026 1071 4089 Chezanich
1088 4028 1127 4089 ad
1145 4041 1218 4090 octo
1235 4029 1303 4089 dies
1326 4028 1502 4090 terminum

239 4131 357 4212 recepit
382 4132 607 4212 respondendi.

343 4238 421 4298 ltem
447 4238 554 4320 Matey
577 4239 609 4299 in
634 4238 871 4320 perhemptorio
894 4239 1033 4300 termino
1057 4240 1161 4302 adhuc
1186 4240 1263 4303 feria
1286 4254 1372 4302 sexta
1395 4253 1498 4322 prete·

239 4342 298 4402 rita
322 4356 431 4404 contra
456 4343 500 4404 St.
522 4344 658 4405 debebat
688 4363 883 4425 comparere,
915 4359 945 4405 et
975 4360 1070 4426 prout
1092 4360 1167 4407 tunc
1198 4346 1243 4408 sic
1267 4360 1298 4408 et
1323 4365 1407 4408 nunc
1431 4364 1498 4408 non

239 4450 429 4531 comparuit,
453 4470 551 4531 quare
575 4449 652 4511 feria
677 4463 762 4512 sexta
787 4450 961 4513 decidetur.

345 4554 421 4615 ltem
439 4556 541 4637 posita
558 4570 604 4617 est
620 4576 702 4638 pena
716 4557 796 4617 inter
813 4555 976 4618 Thomam
990 4557 1164 4620 Kokokoth
1178 4573 1209 4620 et
1225 4559 1341 4640 Mykus
1355 4557 1500 4640 quinque

239 4679 416 4722 marcarum
442 4662 467 4722 si
491 4681 547 4743 par
563 4674 685 4744 partem
710 4664 808 4723 verbo
825 4660 1001 4725 offenderet
1020 4664 1086 4725 sive
1111 4663 1205 4743 facto,
1222 4678 1253 4726 et
1268 4663 1504 4726 nichilominus

239 4785 332 4827 causa
356 4766 500 4849 ipsorum
523 4767 563 4828 ad
587 4781 660 4829 octo
684 4767 752 4828 dies
776 4781 822 4829 est
846 4767 981 4830 deducta
1006 4769 1046 4829 ad
1070 4789 1192 4851 pacem.
