3488 5250
606 319 694 376 Anno
716 314 807 394 1360.
832 351 874 360 —
898 331 925 377 1.
949 317 1120 390 septembris.
1437 312 1494 393 185

340 527 422 589 Item
447 546 541 589 causa
566 547 629 610 que
653 528 785 590 vertitur
816 528 898 589 inter
930 525 1107 607 Georgium
1140 526 1314 589 litteratum
1347 539 1378 587 et
1403 525 1498 586 Paza-

236 633 335 695 ricam
359 633 399 695 ad
424 647 498 696 octo
522 634 591 696 dies
615 635 654 695 ad
678 653 790 716 pacem
815 648 861 695 est
884 647 1065 715 prorogata.

344 740 421 801 Item
456 741 568 803 Banko
600 754 709 802 contra
741 741 927 822 episcopum
959 738 1122 801 Thomam
1154 739 1259 820 primo
1297 737 1410 829 citatus
1433 754 1498 797 non

236 847 425 928 comparuit.

340 951 417 1013 Item
444 972 537 1013 causa
562 972 624 1034 que
642 953 774 1015 vertitur
790 952 872 1014 inter
895 952 1074 1014 Iohannem
1092 951 1284 1013 frenatorcm
1309 962 1340 1011 et
1356 946 1499 1010 Obraam

236 1059 330 1120 ZoIar
353 1079 409 1140 per
433 1072 527 1121 testes
551 1060 590 1120 ad
616 1074 690 1121 octo
714 1059 782 1120 dies
805 1072 931 1141 recepta
955 1059 1065 1120 estad
1088 1077 1210 1140 pacem.

344 1183 421 1249 Item
445 1203 539 1244 causa
564 1202 626 1264 que
652 1184 784 1246 vertitur
808 1183 889 1245 inter
914 1183 1003 1244 bank
1035 1197 1065 1244 et
1090 1182 1166 1243 Mali
1190 1182 1230 1243 ad
1254 1194 1328 1244 octo
1352 1180 1421 1242 dies
1444 1199 1501 1261 per

235 1302 330 1350 testes
353 1289 475 1370 primos
498 1303 545 1351 est
568 1304 694 1371 recepta
719 1290 759 1350 ad
776 1308 901 1372 pacem,
924 1288 978 1350 sed
1003 1290 1028 1351 si
1054 1289 1191 1351 termino
1210 1287 1381 1349 adherente
1404 1299 1501 1348 testes

236 1414 292 1456 seu
316 1395 404 1457 testis
428 1395 563 1457 alicuius
587 1397 684 1477 partis
709 1395 849 1458 absentis
869 1393 987 1458 fuerint
1002 1415 1059 1457 seu
1082 1393 1187 1473 fuerit,
1212 1414 1283 1475 pars
1307 1393 1374 1475 ipsa
1391 1405 1499 1455 contra

238 1514 358 1582 partem
384 1501 472 1563 testis
496 1501 720 1563 adducendam
746 1502 778 1563 in
803 1494 886 1564 iacto
910 1520 975 1563 non
1000 1502 1195 1563 succumbet.

345 1624 423 1685 Item
456 1626 617 1686 Marketus
650 1639 759 1687 contra
790 1625 945 1688 Iacobum
981 1625 1082 1687 Jaketi
1117 1624 1260 1686 secundo
1291 1624 1405 1686 citatus
1435 1641 1500 1683 non

240 1731 429 1811 comparuit.

346 1836 424 1897 Item
455 1856 548 1898 causa
580 1856 643 1919 que
675 1837 807 1899 vertitur
838 1837 920 1899 inter
951 1837 1053 1900 filium
1085 1836 1197 1899 Gonce
1221 1850 1251 1898 et
1275 1836 1437 1897 Andream
1462 1835 1502 1896 de

130 1985 133 1989 ,
240 1940 350 2023 Spinal
375 1941 414 2004 ad
438 1957 512 2005 octo
536 1942 605 2005 dies
631 1945 690 2004 sub
714 1941 817 2005 Iorma
840 1943 927 2025 pacis
951 1957 998 2006 est
1021 1957 1200 2025 prorogata.

344 2066 423 2127 Item
448 2087 543 2129 causa
567 2087 630 2148 que
654 2068 787 2130 vertitur
811 2068 892 2129 inter
910 2068 1044 2130 Paulum
1068 2068 1180 2129 Zmina
1205 2081 1235 2128 et
1260 2067 1443 2148 Dragonam
1460 2064 1501 2127 ad

239 2185 311 2233 octo
336 2173 403 2233 dies
426 2173 466 2234 ad
490 2193 601 2256 pacem
626 2187 672 2235 est
696 2187 877 2256 prorogata.

239 2264 241 2272 ¹
345 2279 421 2341 Item
462 2281 588 2342 Cernka
629 2280 796 2343 ZoIaricha
835 2295 945 2343 contra
987 2280 1115 2343 Gerdak
1154 2280 1259 2362 primo
1301 2279 1394 2340 citata
1436 2297 1501 2340 non

239 2385 428 2465 comparuit.
1315 2389 1320 2400 ‘

346 2491 423 2552 Item
449 2491 604 2553 Martinus
627 2505 658 2554 et
689 2492 807 2554 Paulus
838 2506 946 2555 contra
980 2493 1122 2555 Raboieb
1153 2490 1295 2553 secundo
1326 2490 1412 2553 citati
1437 2509 1502 2552 non

241 2611 499 2678 comparuerunt.

346 2720 424 2783 Item
449 2721 611 2783 Iohannes
645 2721 730 2783 filius
765 2722 872 2806 Matey
907 2735 1017 2785 contra
1050 2724 1088 2788 N.
1125 2721 1268 2784 secundo
1292 2721 1405 2783 citatus
1437 2739 1503 2782 non

240 2827 429 2909 comparuit.

346 2934 424 2996 Item
449 2932 595 2996 Thomas
617 2953 754 3016 magnus
785 2948 894 2997 contra
925 2936 1088 3018 quandam
1120 2934 1335 2997 Teutonicam
1360 2931 1502 2995 secundo

241 3039 354 3101 citatus
379 3059 443 3101 non
468 3041 656 3122 comparuit.

347 3146 424 3207 Item
450 3166 544 3208 causa
568 3166 631 3227 que
656 3148 788 3210 vertitur
805 3148 886 3209 inter
911 3147 1040 3209 Petrum
1058 3162 1089 3211 et
1106 3147 1283 3229 Georgium
1308 3167 1343 3209 ac
1367 3146 1503 3208 alterum

242 3251 370 3313 Petrum
398 3252 438 3314 ad
462 3266 535 3314 octo
560 3253 628 3315 dies
651 3254 691 3315 ad
717 3274 829 3336 pacem
853 3268 899 3316 est
922 3268 1103 3335 prorogata.

346 3376 424 3437 Item
448 3376 524 3437 Iuan
538 3397 634 3458 gener
653 3377 771 3439 Mathie
788 3376 892 3439 fratris
915 3378 1055 3439 custodis
1067 3391 1098 3440 et
1114 3377 1267 3439 Crisanus
1289 3391 1388 3456 sutor,
1405 3390 1500 3438 testes

242 3502 298 3563 per
323 3483 477 3544 Iacobum
503 3484 576 3544 Kun
601 3484 760 3565 producti,
778 3466 885 3545 taliter
917 3484 1088 3545 extiterunt
1120 3482 1287 3560 testificati,
1312 3484 1400 3565 quod
1425 3483 1503 3545 dum

243 3589 302 3670 ipsi
328 3589 359 3649 in
385 3588 547 3651 dominica
572 3590 744 3669 Invocavit,
769 3590 859 3651 cuius
880 3609 965 3651 nunc
997 3604 1109 3672 quarta
1134 3591 1228 3652 instat
1260 3591 1424 3653 revolucio
1449 3610 1503 3650 an-

242 3694 356 3773 nualis,
370 3694 410 3755 ad
427 3695 593 3757 ecclesiam
618 3697 716 3757 sancti
735 3694 889 3757 Iohannis
913 3697 1047 3779 baptiste
1065 3697 1236 3775 venissent,
1260 3697 1380 3759 ibidem
1398 3696 1501 3778 ipsum

145 3846 150 3853 .
243 3801 317 3861 Kun
341 3815 372 3862 et
396 3801 585 3863 Michaelem
610 3801 710 3863 Saffar
733 3802 939 3881 invenissent,
964 3803 1017 3863 ubi
1043 3803 1074 3863 in
1100 3803 1241 3884 ipsorum
1267 3802 1438 3885 presenciis
1461 3801 1501 3863 ad

243 3907 436 3989 peticionem
461 3906 536 3968 dicti
562 3908 728 3970 Michaelis
752 3908 838 3969 idern
864 3908 938 3969 Kun
962 3909 1021 3970 sibi
1054 3908 1111 3969 XL
1143 3909 1278 3971 cubulos
1302 3909 1367 3970 vini
1392 3929 1450 3991 pro
1473 3910 1502 3970 Χ

242 4011 371 4073 florenis
396 4012 545 4091 dedisset,
571 4027 601 4075 et
624 4014 711 4095 ipsos
734 4013 873 4075 florenos
904 4014 989 4076 idern
1023 4013 1159 4076 MichaeI
1191 4015 1250 4077 sibi
1276 4035 1375 4097 usque
1400 4014 1503 4075 domi·

242 4119 346 4180 nicam
380 4119 671 4200 Ramispalmarum
701 4121 826 4181 solvere
857 4121 1110 4203 assumpssisset,
1134 4134 1165 4182 et
1195 4121 1358 4182 victimam
1383 4120 1503 4182 ibidem

242 4245 336 4306 super
360 4224 420 4286 hoc
445 4225 608 4289 bibissent.

349 4331 424 4393 Item
452 4330 496 4395 St.
521 4332 728 4394 stacIonarius
751 4347 861 4396 contra
891 4333 1073 4395 Farcasium
1104 4332 1229 4395 fabrum
1263 4333 1367 4415 primo
1391 4333 1505 4394 citatus

243 4457 309 4500 non
333 4438 521 4521 comparuit.

350 4563 428 4625 Item
452 4573 566 4625 octavo
591 4564 641 4624 die
667 4563 846 4625 Domianus
868 4562 1013 4626 woschar
1036 4577 1101 4626 met
1124 4564 1282 4626 secundus
1306 4576 1415 4625 contra
1440 4565 1504 4626 Do-

245 4671 350 4732 klezin
375 4670 414 4733 de
438 4670 510 4732 vico
535 4671 724 4732 Latinorum
751 4669 855 4751 jurare
886 4670 993 4750 debet,
1025 4670 1113 4754 quod
1145 4690 1204 4733 nec
1226 4671 1423 4732 verberasset
1445 4689 1504 4732 nec

245 4777 452 4860 vituperasset
474 4777 623 4841 eundem.

319 5066 332 5093 Ω
