3488 5250
255 331 317 390 228
371 299 372 303 Ἰ
636 329 723 386 Anno
745 325 837 405 1362.
862 364 906 373 -
929 326 982 392 26.
1007 332 1138 410 augusti.

300 524 303 530 ¹
359 541 438 602 Item
460 553 573 602 octavo
606 539 657 600 die
691 541 808 602 Marias
840 553 953 602 contra
985 538 1178 620 Gregorium
1209 539 1339 604 fratrem
1363 562 1457 604 suum
1488 562 1520 605 se
1575 617 1578 624 Ι

213 635 215 638 ’
254 661 384 729 quartus
409 645 503 707 debet
525 659 665 727 prestare
690 644 905 726 juramentum
927 665 1025 726 super
1049 664 1098 723 e0,
1123 645 1211 727 quod
1228 647 1288 709 sibi
1313 648 1345 709 in
1369 649 1521 710 omnibus

253 771 359 814 veram
385 766 416 814 et
439 752 555 812 iustam
580 750 721 812 dedisset
744 751 944 833 porcionem.
1560 753 1561 756 ’

307 955 400 1039 Nota,
428 954 513 1024 feria
540 961 638 1024 sexta
667 955 822 1041 proxima
851 960 926 1042 post
965 953 1088 1025 festum
1122 956 1211 1026 beati
1241 955 1465 1028 bartholomei

806 1077 962 1165 apostoli.

770 1226 835 1304 (26.
860 1229 999 1305 augustt).

359 1369 468 1430 Primo
502 1369 579 1428 Iuan
620 1367 819 1430 Chidaucich
856 1382 972 1430 octavo
1010 1368 1062 1430 die
1095 1382 1205 1430 contra
1236 1370 1400 1433 Thomam
1431 1372 1520 1454 joba·

252 1475 383 1555 gionem
408 1474 532 1534 domini
557 1473 663 1535 Deseu
687 1493 782 1555 super
806 1493 856 1554 eo,
884 1474 973 1555 quod
1005 1474 1069 1536 filia
1093 1496 1149 1536 sua
1174 1476 1233 1558 ipsi
1259 1477 1435 1558 dampnum
1459 1478 1518 1542 XC

253 1580 459 1641 denariorum
491 1578 673 1658 intullisset‚
705 1598 787 1660 quos
817 1580 877 1641 sibi
910 1579 1149 1658 deservivisset,
1181 1595 1417 1645 sacramentum
1449 1604 1519 1666 pre·

253 1699 333 1747 stare
358 1685 499 1746 debebit.

358 1791 436 1852 Item
461 1790 646 1852 Petrozlaus
669 1805 779 1852 contra
803 1790 1044 1872 Dampnianum
1072 1792 1249 1874 Vgrensem
1275 1794 1380 1875 primo
1405 1796 1519 1857 citatus

253 1917 318 1959 non
342 1897 532 1978 comparuit.

359 2003 436 2064 Item
462 2016 576 2064 octavo
602 2001 652 2062 die
677 2000 761 2063 filius
786 2002 904 2063 Vsuras
926 2015 1035 2063 contra
1052 2002 1220 2065 Albertum
1244 2004 1365 2066 dictum
1389 2006 1519 2069 Zloderi

252 2129 285 2171 se
309 2109 425 2171 tercius
448 2109 508 2168 sibi
533 2107 692 2168 similibus
716 2107 903 2169 hominibus
919 2107 1006 2189 quod
1032 2128 1105 2169 eum
1122 2129 1187 2170 non
1205 2111 1419 2173 verberaverit
1436 2111 1519 2192 jura·

253 2227 398 2275 mentum
425 2214 585 2295 deponere
611 2212 751 2275 debebit.

359 2319 434 2380 Item
462 2318 612 2381 Skerlech
637 2332 747 2380 contra
772 2318 940 2379 Wlkotam
963 2319 1068 2400 primo
1100 2319 1214 2381 ciratus
1238 2338 1302 2381 non
1328 2325 1517 2405 comparuit.

361 2424 437 2487 Item
464 2425 585 2507 Symon
610 2445 709 2505 gener
725 2424 865 2486 Ztanech
890 2438 999 2487 contra
1016 2426 1218 2487 Anthonium
1241 2428 1384 2490 secundo
1405 2429 1519 2492 citatus

182 2599 185 2602 ,
253 2550 318 2592 non
343 2531 531 2612 comparuit.

358 2637 436 2697 Item
461 2637 577 2718 Mykus
601 2650 710 2697 contra
732 2635 837 2697 Eliam
855 2656 911 2718 per
927 2635 1097 2699 Crisanum
1123 2650 1154 2699 et
1170 2635 1273 2699 filium
1290 2639 1416 2701 Henrih
1432 2642 1518 2703 testi·

254 2742 399 2803 monium
423 2742 579 2823 producet
602 2755 715 2804 octavo
740 2741 803 2804 die.

361 2848 436 2909 Item
462 2848 567 2910 Vanae
591 2861 700 2909 contra
717 2848 855 2910 eundem
873 2848 978 2910 Eliam
994 2850 1098 2931 primo
1115 2851 1229 2912 citatus
1246 2871 1310 2913 non
1325 2855 1514 2934 comparuit.

357 2954 436 3015 Item
462 2954 591 3035 Gurgek
617 2968 726 3017 contra
751 2954 913 3037 quandam
937 2955 1107 3018 mulierem
1130 2955 1170 3017 ad
1203 2973 1276 3018 octo
1301 2956 1369 3018 dies
1393 2960 1514 3040 recepit

252 3061 426 3122 terminum
451 3061 491 3122 ad
517 3060 787 3142 respondendum.

359 3167 437 3228 Item
462 3167 577 3228 Domia
602 3180 717 3229 octavo
742 3166 793 3229 die
817 3181 926 3229 contra
960 3166 1103 3249 Dragech
1128 3188 1183 3249 per
1216 3168 1344 3230 Petrum
1370 3185 1400 3231 et
1432 3172 1516 3232 Mar·

253 3275 356 3335 tinum
381 3292 476 3355 super
500 3275 686 3335 verberibus
709 3273 928 3336 testimonium
953 3273 1133 3354 producere
1159 3273 1265 3337 debet.

359 3379 437 3441 item
475 3394 588 3441 octavo
622 3379 673 3440 die
706 3379 858 3440 Nicolaus
882 3378 966 3440 filius
996 3377 1084 3456 luan,
1114 3400 1170 3462 per
1201 3380 1338 3462 Mykech
1364 3379 1513 3459 judicem,

253 3486 358 3548 Eliam
382 3487 609 3548 stacionarium
627 3499 657 3547 et
674 3486 847 3547 Martinum
871 3485 1040 3567 Wlkouoy
1055 3505 1150 3567 super
1170 3506 1220 3565 eo,
1245 3486 1333 3567 quod
1357 3486 1417 3547 sibi
1435 3502 1517 3549 esset

253 3590 422 3653 fideiussor
445 3591 665 3653 testimonium
691 3591 868 3672 producere
892 3590 998 3652 debet.

358 3698 436 3760 Item
460 3717 552 3759 causa
579 3698 662 3758 Petri
688 3697 797 3759 Sestak
830 3711 861 3759 et
890 3698 967 3758 Iuan
998 3710 1045 3760 est
1068 3697 1108 3758 ad
1131 3711 1204 3760 octo
1236 3698 1304 3759 dies
1334 3711 1516 3779 prorogata,

252 3818 287 3865 ut
310 3805 404 3866 ambe
428 3817 533 3886 partes
556 3823 629 3865 cum
655 3823 766 3865 eorum
790 3804 924 3865 testibus
947 3823 1132 3886 comparere
1155 3818 1336 3866 teneantur.

356 3910 435 3971 ltem
459 3909 604 3971 Andreas
627 3909 715 3971 faber
738 3922 847 3971 contra
873 3908 1031 3971 Godicam
1055 3909 1095 3970 ad
1119 3923 1192 3972 octo
1217 3909 1286 3971 dies
1310 3909 1430 3991 recepit
1452 3920 1513 3970 ter·

253 4016 379 4077 minum
403 4015 443 4076 ad
468 4014 741 4094 respondendum.

358 4122 436 4183 item
461 4121 613 4183 Nicolaus
636 4135 745 4182 contra
771 4122 888 4182 Konko
922 4121 1119 4182 sacerdotem
1143 4121 1183 4182 ad
1207 4135 1280 4183 octo
1305 4121 1374 4182 dies
1397 4121 1516 4201 recepit

252 4228 425 4290 terminum
451 4227 490 4288 ad
516 4226 786 4308 respondendum.

358 4333 435 4395 item
460 4352 553 4394 causa
577 4333 718 4414 magistri
743 4332 853 4393 Jacobi
877 4330 935 4392 filii
964 4332 1092 4393 Martini
1117 4344 1162 4393 est
1186 4331 1323 4409 decreta,
1348 4345 1382 4392 ut
1408 4350 1511 4412 usque

252 4454 400 4502 octavum
427 4439 512 4501 diem
539 4440 624 4500 idem
649 4439 688 4500 de
712 4459 771 4500 suo
796 4458 925 4501 excessu
950 4452 1062 4519 querat
1091 4437 1188 4519 judici
1215 4452 1246 4500 et
1269 4437 1379 4518 juratis
1402 4436 1517 4498 volun·

250 4559 360 4625 tatem,
385 4546 531 4626 quamsi
557 4544 708 4624 inveniet,
732 4546 813 4606 bene
837 4542 980 4625 quidem,
1005 4543 1083 4605 alias
1114 4542 1257 4624 plenaria
1282 4542 1407 4623 justicia
1429 4540 1517 4604 exhi·

252 4651 379 4712 bebitur
401 4650 499 4730 judici
525 4662 556 4712 et
578 4649 688 4729 juratis
712 4650 906 4712 memoratis.

358 4756 436 4817 Item
460 4755 546 4816 Mike
570 4769 680 4817 contra
711 4755 899 4835 magistrum
923 4754 1010 4816 scole
1042 4753 1082 4816 ad
1106 4766 1180 4816 octo
1204 4753 1273 4815 dies
1304 4752 1424 4835 recepit
1454 4762 1518 4813 ter·

254 4860 379 4923 minum
404 4861 445 4922 ad
470 4860 743 4944 respondendum.
1487 4861 1489 4868 '
