3488 5250
670 354 755 411 Anno
779 365 869 429 1359.
893 387 935 395 —
959 349 991 412 8.
1015 353 1125 414 martii.

369 564 447 625 Item
472 563 564 626 Vltus
592 577 701 625 contra
734 562 911 644 Georgium
942 563 982 624 ad
1014 578 1087 624 octo
1112 563 1180 625 dies
1211 563 1330 646 recepit
1351 564 1527 626 terminum

267 670 308 732 ad
332 669 603 752 respondendum.

370 777 447 839 Item
461 774 620 856 Georgius
637 788 747 836 contra
758 775 955 837 Borouinam
968 775 1110 837 secundo
1128 775 1240 837 citatus
1257 795 1322 837 non
1335 776 1526 857 comparuit.

371 882 449 943 Item
481 901 560 943 uxor
593 879 766 942 Konchlini
799 893 912 942 octavo
945 880 997 942 die
1030 893 1138 942 contra
1163 880 1317 943 Mathiam
1351 881 1526 943 litteratum

267 1003 333 1050 met
355 988 453 1050 tercia
476 987 580 1069 jurare
611 1001 738 1049 tenetur
768 1006 864 1068 super
895 1006 945 1065 e0,
979 985 1066 1067 quod
1098 987 1218 1048 litteras
1249 987 1354 1048 nullas
1379 986 1527 1069 Gregorii

269 1094 463 1156 balneatoris
481 1094 612 1155 haberet
633 1112 691 1154 nec
708 1093 801 1154 sciret
817 1093 941 1174 aliquas
961 1093 1012 1153 vel
1029 1093 1171 1173 aliquam
1188 1093 1328 1174 ipsarum
1352 1093 1528 1155 litterarum

267 1199 352 1282 apud
377 1200 519 1280 aliquem
544 1219 621 1261 esse.

373 1305 449 1366 ltem
474 1324 555 1366 uxor
580 1304 708 1366 Martini
733 1302 791 1365 filii
809 1303 940 1365 Kemini
964 1315 1072 1365 contra
1098 1303 1244 1365 Marcech
1268 1303 1410 1366 secundo
1434 1304 1529 1365 citata

266 1431 332 1474 non
356 1410 546 1492 comparuit.

371 1517 448 1578 ltem
466 1514 606 1577 Bedicha
628 1528 737 1576 contra
751 1514 942 1577 Michaelem
959 1515 1101 1577 secundo
1125 1516 1238 1577 citatus
1256 1536 1321 1577 non
1339 1516 1528 1598 comparuit.

372 1622 451 1684 ltem
477 1620 664 1704 Leypoldus
687 1622 818 1683 nomine
843 1620 899 1683 filii
934 1623 984 1683 sui
1015 1636 1124 1685 contra
1149 1623 1194 1685 St.
1226 1622 1266 1683 ad
1291 1635 1363 1684 octo
1389 1622 1458 1684 dies
1482 1642 1529 1683 re·

269 1729 352 1812 cepit
375 1728 550 1789 terminum
573 1728 612 1789 ad
637 1728 910 1810 respondendum.

373 1834 452 1897 ltem
477 1833 607 1917 Mathey
640 1848 749 1896 contra
782 1834 910 1917 Endrey
942 1834 981 1895 ad
1014 1849 1087 1897 octo
1116 1835 1184 1897 dies
1214 1835 1335 1917 recepit
1357 1834 1529 1897 terminum

268 1940 308 2004 ad
333 1939 606 2022 respondendum.

372 2047 452 2109 ltem
476 2066 570 2108 causa
595 2065 657 2127 que
682 2046 814 2108 vertitur
831 2046 912 2107 inter
936 2046 1065 2108 Petrum
1082 2059 1113 2108 et
1134 2045 1262 2107 fratrem
1279 2045 1385 2108 Vanse
1401 2045 1440 2107 ad
1457 2057 1530 2107 octo

270 2152 338 2214 dies
362 2152 402 2213 ad
426 2171 537 2233 pacem
562 2166 608 2212 est
631 2164 812 2234 prorogata.

373 2258 452 2319 ltem
477 2256 555 2318 dum
579 2256 632 2318 die
656 2269 769 2318 octavo
794 2257 905 2318 Petrus
930 2254 1025 2317 frater
1049 2258 1125 2318 laxe
1152 2256 1372 2319 testificabitur
1396 2256 1436 2319 de
1461 2256 1530 2338 qui-

267 2362 403 2424 busdam
428 2363 603 2424 monilibus
626 2363 708 2424 inter
732 2362 868 2424 Cussam
892 2363 1062 2423 mulierem
1086 2376 1116 2424 et
1141 2365 1239 2424 lunas
1270 2363 1457 2446 selliparum
1480 2361 1531 2422 vel

268 2469 337 2530 eius
360 2481 611 2550 procuratorem,
635 2481 710 2530 tunc
735 2469 858 2529 iusticia
882 2469 1025 2550 partibus
1049 2468 1251 2550 inpendetur.

373 2573 452 2635 ltem
476 2587 590 2634 octavo
614 2573 665 2635 die
690 2573 841 2635 dominus
858 2574 994 2656 Mykech
1011 2574 1095 2636 filius
1120 2574 1280 2637 Leunardi
1305 2575 1427 2637 litteras
1444 2593 1530 2635 com·

268 2679 482 2761 posicionales
505 2691 650 2760 tempore
674 2678 831 2759 judicatus
855 2679 1001 2761 Mykech,
1025 2679 1081 2741 lilii
1116 2680 1241 2759 Heuch,
1265 2681 1347 2741 inter
1371 2681 1476 2762 ipsum
1501 2694 1532 2741 et

270 2785 444 2846 Martinum
480 2785 604 2866 Reyniz
640 2796 811 2866 emanatas,
846 2804 912 2846 non
948 2806 1003 2867 per
1037 2786 1223 2867 transcripta
1258 2785 1313 2847 sed
1350 2785 1532 2867 specialiter

270 2910 377 2952 coram
402 2890 496 2951 nobis
520 2901 657 2951 statuere
681 2902 805 2951 tenetur
829 2903 937 2952 contra
963 2892 1137 2953 Martinam
1162 2904 1386 2952 memoratum.

375 2995 454 3056 ltem
485 2993 678 3056 Benedictus
715 2995 844 3077 sellipar
875 3016 948 3057 cum
980 2996 1115 3057 luchech
1147 2996 1288 3057 secundo
1318 2996 1431 3057 citatus
1466 3013 1531 3056 nou

271 3099 459 3182 comparuit.

376 3204 454 3265 ltem
478 3204 589 3264 Petrus
606 3203 793 3285 Oplzauech
817 3205 921 3286 primo
947 3207 1059 3267 citatus
1083 3218 1192 3267 contra
1210 3206 1285 3267 luan
1311 3205 1451 3267 Chemer
1466 3224 1532 3266 non

271 3309 461 3392 comparuit.
505 3361 507 3366 .

380 3414 457 3474 ltem
483 3434 609 3475 causam
635 3434 697 3495 que
722 3415 853 3477 vertitur
878 3416 959 3478 inter
975 3417 1164 3477 Jakmonem
1189 3429 1220 3477 et
1244 3415 1379 3476 Paulum
1404 3413 1529 3476 labrum

272 3520 312 3581 ad
338 3532 411 3581 octo
436 3519 504 3580 dies
527 3520 781 3600 prorogavimus,
805 3521 879 3583 licet
902 3522 1058 3600 Andreas,
1087 3521 1248 3584 lohannes
1272 3534 1302 3582 et
1327 3520 1462 3602 Mykech
1485 3518 1532 3599 ju·

272 3624 330 3685 rati
354 3623 510 3686 testificati
535 3625 716 3704 extiterunt,
748 3627 835 3707 quod
868 3647 969 3708 equus
1000 3628 1098 3709 ipsius
1129 3627 1294 3688 Jakmonis
1318 3625 1451 3685 claudus
1475 3637 1531 3685 est.

378 3731 457 3791 ltem
474 3729 619 3792 Cernech
643 3745 674 3792 et
696 3730 780 3793 filius
797 3733 905 3794 Jureni
927 3752 1028 3813 usque
1046 3746 1193 3794 octavum
1211 3732 1297 3793 diem
1315 3730 1532 3791 mediantibus

274 3836 400 3897 duobus
424 3836 532 3917 probis
563 3837 637 3899 viris
664 3850 811 3899 tenentur
836 3838 917 3899 inter
947 3859 980 3898 se
1004 3858 1123 3920 ponere
1155 3838 1328 3913 racionem,
1360 3836 1391 3896 in
1416 3855 1479 3915 qua
1504 3835 1529 3894 si

274 3942 467 4002 concordare
491 3961 557 4002 non
580 3954 741 4023 poterunt,
766 3942 923 4005 iusticiam
948 3941 1110 4004 faciemus.

491 4137 588 4213 Feria
616 4152 713 4214 sexta
741 4145 895 4231 proxima
922 4151 1000 4232 post
1028 4144 1113 4215 diem
1142 4142 1313 4231 Cynerum.

807 4290 850 4370 (8.
874 4296 993 4370 martir).

381 4447 488 4509 Primo
521 4468 613 4510 causa
645 4469 708 4531 que
740 4450 871 4511 vertitur
901 4451 982 4511 inter
1014 4449 1148 4512 Cussam
1181 4450 1348 4511 mulierem
1374 4463 1404 4510 et
1435 4449 1533 4511 Junas

275 4550 459 4633 sellipatum
484 4573 539 4634 per
564 4554 692 4615 Petrum
717 4553 844 4616 fratrem
867 4557 942 4617 laxe
970 4569 1082 4617 testem
1108 4574 1200 4616 cause
1225 4554 1264 4615 ad
1286 4554 1423 4635 primum
1449 4553 1532 4632 judi-

276 4656 360 4717 cium
384 4657 540 4720 adventus
562 4659 661 4740 ipsius
675 4660 772 4721 Junas
797 4661 829 4721 in
846 4661 1047 4743 Zagrabiam,
1070 4661 1096 4721 si
1113 4660 1225 4721 Petrus
1249 4658 1427 4720 antedictus
1444 4659 1533 4721 domi

277 4780 343 4822 esse
367 4763 494 4844 poterit,
518 4777 564 4826 est
586 4778 767 4847 prorogata.
