3488 5250
625 319 823 394 Anno1359.
848 350 890 360 -
908 331 964 393 30.
993 318 1120 390 augusti.
1445 334 1504 396 ¹39

625 424 702 428 -—.-
717 423 806 428 ...-.-
830 422 1261 428 --.—..--—-.-—--———-.
1293 423 1344 427 —
1361 422 1458 428 .-—=-·
1478 421 1505 428 ..-

346 532 442 607 Feria
472 545 570 607 sexta
599 538 754 624 proximo
782 542 858 624 post
887 533 1008 606 festum
1038 534 1128 605 beati
1158 533 1397 609 Bartholomei.

758 689 823 764 (30.
846 688 998 764 augusto..

347 828 425 890 Item
448 840 562 890 octavo
585 827 664 909 (die)
682 828 840 889 Martinus
857 827 981 910 Reanz
1005 847 1039 888 se
1063 827 1178 888 tercius
1202 841 1309 889 contra
1329 826 1505 891 MartInum

240 933 520 996 vicecastellanum
544 932 583 994 de
614 932 730 995 Medue
762 952 856 1014 super
888 951 952 993 non
985 931 1205 1014 aprecIacione
1237 932 1333 998 unius
1356 932 1431 1014 equi
1455 931 1504 1012 ju·

240 1060 309 1103 rare
335 1039 439 1101 debet.

346 1146 423 1207 Item
448 1159 561 1207 octavo
586 1144 638 1208 die
663 1145 776 1207 Jamko
807 1143 1007 1227 apotecurius
1038 1163 1094 1226 per
1119 1145 1287 1209 Mortooos
1309 1143 1504 1224 senatorem,

240 1252 308 1313 eius
332 1270 475 1327 uxorem,
501 1269 634 1312 uxorem
659 1251 755 1329 Kun,
791 1250 868 1312 Iuan
891 1249 1120 1329 ciroiogicum‚
1153 1269 1285 1311 uxorem
1319 1249 1397 1326 eius,
1422 1251 1506 1324 Mer·

240 1358 360 1420 clinum
385 1357 594 1438 cirologicum
626 1369 657 1417 et
682 1374 812 1417 uxorem
838 1353 982 1417 eiusdem
1014 1369 1123 1416 contra
1156 1375 1288 1418 uxorem
1312 1356 1351 1419 N.
1376 1356 1506 1418 sartoris

240 1483 410 1545 supereo,
435 1464 523 1545 quod
556 1482 635 1524 uxor
670 1462 730 1524 sibi
754 1476 835 1523 esset
870 1461 1026 1542 legittima
1057 1480 1131 1522 cum
1166 1481 1228 1543 qua
1261 1481 1346 1525 nunc
1377 1460 1505 1541 residet,

239 1570 459 1632 testimonium
484 1568 661 1651 producere
685 1581 820 1631 tenetur.

345 1676 422 1737 Item
447 1694 541 1735 causa
565 1673 791 1756 produccionis
814 1673 942 1734 testium
975 1691 1038 1753 que
1062 1671 1195 1733 vertitur
1227 1672 1308 1733 inter
1334 1673 1450 1752 Artuig
1474 1686 1506 1734 et

240 1780 383 1844 relictam
408 1780 586 1842 Martinkus
609 1779 648 1841 ad
674 1792 746 1841 octo
771 1778 839 1840 dies
863 1791 909 1839 est
933 1768 1114 1859 prorogata]
1477 1855 1486 1874 .

345 1887 424 1947 Item
448 1904 541 1948 causa
565 1903 629 1967 que
653 1884 785 1945 vertitur
809 1884 890 1945 inter
923 1884 1100 1946 Francham
1125 1897 1156 1946 et
1180 1883 1282 1946 filium
1317 1885 1438 1948 Vrbani
1464 1885 1504 1946 ad

238 2006 312 2054 octo
336 1992 404 2054 dIes
426 1991 467 2052 ad
491 2010 603 2073 pacem
628 2003 674 2053 est
697 2004 879 2072 prorogata.

347 2098 424 2160 Item
450 2116 551 2178 usque
575 2095 889 2177 quintumdecimum
913 2095 1000 2157 diem
1024 2095 1129 2157 Draxe
1152 2108 1279 2157 tenetur
1303 2097 1426 2158 solvere
1455 2097 1507 2158 Ja-

238 2206 321 2267 cobo
345 2205 484 2266 litterato
508 2203 568 2264 xx
591 2221 709 2265 novem
733 2200 882 2263 florenos.

345 2309 422 2370 Item
454 2308 540 2370 iuxta
572 2307 832 2369 commissionem
859 2307 1008 2387 Dragone
1040 2307 1157 2368 sutoris
1189 2321 1220 2368 et
1247 2307 1505 2390 assumpciooem

239 2412 405 2482 Michaelis
420 2413 547 2491 sutoris,
571 2413 657 2475 idem
677 2412 814 2474 Michael
827 2431 883 2494 per
899 2412 1101 2473 Anthonium
1124 2425 1265 2474 sutorem
1282 2412 1504 2475 testImonium

240 2519 389 2602 (tenetur)
412 2519 589 2601 producere
614 2537 709 2600 super
733 2519 825 2600 alapa
848 2532 962 2579 octavo
987 2517 1050 2581 die.

344 2625 423 2686 Item
455 2638 568 2686 octavo
599 2624 653 2686 die
685 2623 837 2686 Nicolaus
861 2642 918 2706 per
947 2623 1025 2685 Iuan
1057 2623 1197 2686 PIauech
1229 2637 1260 2686 et
1292 2625 1369 2686 Iuau
1400 2622 1504 2685 filium

239 2731 347 2793 Rados
371 2744 479 2792 contra
504 2731 571 2791 Kus
595 2727 775 2791 carnificem
799 2728 1019 2790 testiinonium
1044 2729 1222 2811 producere
1245 2741 1383 2791 tenetur.

346 2836 423 2898 Item
449 2835 624 2916 Gregorius
649 2836 798 2916 vigilator
822 2847 930 2897 contra
963 2854 1087 2896 socram
1111 2855 1201 2896 suam
1226 2834 1368 2897 secundo
1392 2836 1507 2897 citatus

239 2959 305 3004 non
330 2942 519 3024 comparuit.

344 3048 423 3110 Item
448 3048 524 3108 Iuan
550 3046 688 3109 Plauech
705 3061 814 3108 contra
832 3046 963 3129 Mathey
980 3046 1084 3129 primo
1101 3046 1215 3107 citatus
1231 3065 1297 3106 non
1315 3048 1505 3129 comparuit.

344 3153 422 3215 Item
446 3166 560 3215 octavo
591 3152 643 3215 die
675 3152 810 3214 quauin
841 3170 938 3234 preco
969 3165 1078 3213 contra
1110 3150 1254 3212 relictam
1286 3151 1504 3214 Mekkochren

239 3278 295 3341 per
326 3259 472 3321 Jakmam
509 3273 540 3321 et
574 3259 749 3320 Martinum
785 3277 915 3320 mosnar
953 3277 1048 3339 super
1083 3256 1249 3338 vituperiis
1282 3258 1505 3319 testimonium

240 3364 416 3446 producere
439 3377 575 3427 tenetur.

344 3470 421 3531 Item
447 3469 585 3531 Michael
609 3469 737 3530 lectoris
761 3483 870 3530 contra
896 3488 1027 3531 uxorem
1058 3466 1217 3530 Ianchech
1241 3482 1355 3530 octavo
1380 3469 1431 3530 die
1457 3469 1504 3549 ju·

239 3594 307 3636 rare
331 3589 466 3640 tenetur.

344 3682 421 3744 Item
447 3681 582 3763 Egidius
606 3680 780 3761 Hungarus
804 3694 913 3742 contra
935 3681 1110 3742 Matrinum
1135 3681 1272 3744 Zelezen
1295 3679 1437 3741 secundo
1462 3680 1504 3742 ci-

238 3801 320 3849 tatus
344 3807 409 3850 oon
434 3787 624 3869 comparuit.

344 3893 421 3955 Item
445 3894 607 3955 Marketus
638 3912 738 3975 usque
770 3891 1082 3973 quintumdecimum
1111 3892 1197 3954 diem
1229 3906 1355 3954 tenetur
1379 3893 1505 3955 solvere

237 3998 331 4060 Petro
356 3999 474 4081 Loytre
497 3998 610 4061 decem
635 4012 665 4059 et
686 4012 809 4080 septem
832 4016 905 4059 cum
930 3997 1039 4058 medio
1063 3996 1132 4059 flor.

343 4105 421 4166 Item
435 4104 562 4166 Ceroka
575 4117 684 4167 contra
699 4105 854 4166 Jacobum
868 4104 996 4165 ZIrotka
1010 4104 1115 4186 primo
1126 4104 1219 4165 citata
1233 4123 1298 4165 non
1312 4104 1504 4185 comparuit.

342 4210 421 4273 Item
445 4223 560 4272 octavo
585 4210 636 4271 die
662 4208 837 4290 Gregorius
861 4208 956 4271 frater
980 4210 1055 4271 Jaxe
1079 4222 1204 4270 tenetur
1226 4222 1366 4271 statuere
1394 4223 1505 4272 contra

237 4314 417 4378 Obramum
442 4315 537 4377 ZoIar
560 4335 658 4377 unam
681 4315 836 4397 puellam.

342 4422 419 4483 Item
456 4422 588 4503 Zugaua
620 4421 761 4483 secundo
805 4422 899 4482 citata
940 4435 1049 4481 contra
1087 4419 1267 4482 Obramum
1302 4420 1403 4481 Zolar
1438 4440 1503 4482 non

237 4528 426 4610 comparuit.

342 4633 420 4695 Item
443 4647 557 4694 octavo
571 4633 623 4694 die
641 4633 859 4695 Lancholotus
880 4646 989 4695 contra
1007 4634 1199 4712 Marketum,
1217 4631 1397 4693 secuudum
1414 4630 1505 4713 quod

236 4739 433 4821 composicio
456 4752 600 4820 tempore
633 4737 790 4819 judicatus
819 4738 955 4821 Mykech
979 4738 1035 4800 filii
1061 4737 1176 4800 Hench
1212 4736 1335 4816 habuit,
1359 4737 1504 4800 testimo·

236 4844 327 4906 nium
349 4844 527 4926 producere
551 4843 657 4907 debet.
