3488 5250
1442 363 1503 425 359

237 553 361 637 possit.
379 599 413 616 ..
439 553 525 615 Elias
549 552 735 636 supradicto
760 551 903 635 Georgio
925 553 1086 615 tenebitur
1117 553 1217 635 (dare)
1249 560 1280 617 et
1312 556 1504 638 persolvere,

237 660 405 743 ipsamque
435 660 561 721 vineam
586 679 723 742 pro...
748 659 774 720 si
798 678 891 720 suum
916 659 1061 721 debitum
1085 658 1263 741 pretactutn
1288 661 1410 743 integre
1439 709 1503 727 ...

237 766 448 849 persolutum.

291 973 293 977 ι
345 890 423 951 ltem
448 889 579 971 Drugen
604 903 714 951 contra
731 889 873 951 Blasium
886 888 1025 951 secunda
1043 887 1199 952 citacione
1224 908 1289 950 non
1313 890 1505 972 comparuit.

240 1001 247 1005 ”
345 1013 423 1074 Item
441 1011 549 1074 relicta
568 1006 670 1074 Gmaz
686 1017 796 1073 contra
817 1010 947 1073 Kordek
964 1011 1003 1073 ad
1021 1025 1095 1074 octo
1119 1008 1171 1073 die
1188 1011 1306 1095 recepit
1330 1014 1504 1076 terminum

236 1116 278 1178 sd
302 1111 574 1198 iesp'ondendum.

343 1224 421 1284 Item
446 1223 560 1284 Petren
594 1236 625 1284 et
655 1223 766 1284 Mareu
798 1236 907 1284 contra
939 1223 1120 1285 Obramum
1143 1223 1239 1284 Zolar
1269 1222 1309 1284 ad
1334 1235 1408 1286 octo
1434 1224 1505 1286 dies

237 1343 425 1410 receperunt
448 1329 624 1390 terminum
648 1328 688 1390 ad
713 1327 983 1410 respondendum.

240 1451 244 1459 ·
344 1433 422 1495 ltem
447 1417 593 1495 Thomas
615 1427 773 1497 mercator
796 1438 905 1497 contra
929 1429 1093 1496 liudream
1117 1435 1220 1516 prima
1256 1435 1412 1498 citacione
1436 1454 1502 1497 non

237 1540 427 1621 comparuit.

320 1645 421 1734 ‘Item
446 1644 629 1705 Anthonius
661 1664 778 1726 parvus
808 1659 933 1708 tenetur
967 1645 1007 1707 ad
1039 1660 1113 1707 octo
1138 1644 1206 1706 dies
1237 1644 1395 1708 adducere
1419 1647 1505 1710 testi·

238 1751 383 1813 monium
408 1765 517 1813 contra
543 1770 675 1813 uxorem
699 1750 784 1813 lwan
809 1752 886 1813 dicti
911 1752 1043 1814 Pluzna.
1475 1766 1478 1774 ·

347 1858 426 1920 ltem
452 1857 634 1919 Demetrius
658 1858 795 1940 piscator
819 1870 928 1920 contra
952 1858 1052 1920 Zidalr
1086 1858 1224 1919 secunda
1249 1858 1405 1920 citacione
1437 1878 1504 1926 non

237 1963 427 2046 comparuit.

346 2069 423 2131 Item
437 2068 589 2130 Nicolaus
607 2069 681 2130 Zirlr
698 2083 807 2131 contra
824 2069 967 2131 Blasium
983 2069 1082 2131 tercio
1099 2070 1211 2131 citatus
1227 2089 1293 2131 non
1310 2069 1502 2152 comparuit.

348 2176 425 2237 ltem
451 2173 590 2237 Gerinus
613 2185 722 2237 contra
746 2174 853 2237 Endre
876 2175 979 2258 prims
1003 2175 1158 2237 citacione
1183 2195 1248 2237 non
1265 2175 1454 2258 comparuit.

238 2414 334 2499 Nota,
363 2415 449 2502 quod
478 2414 564 2484 feria
596 2415 702 2484 tercia
729 2415 885 2502 proxima
913 2422 989 2502 post
1015 2414 1138 2485 festum
1164 2421 1281 2485 sancte
1307 2413 1502 2486 Trinitatis.

342 2564 450 2625 Primo
475 2564 614 2644 Egidius
630 2562 762 2646 pellifex
785 2578 895 2626 contra
913 2563 1055 2626 Katriam
1081 2563 1276 2646 penesticam
1301 2564 1403 2645 prima
1428 2563 1503 2626 cita·

237 2670 330 2731 sione
355 2688 420 2730 non
447 2669 637 2751 comparuit.

346 2774 424 2836 Item
449 2773 586 2835 Rartuch
611 2789 721 2836 contra
751 2774 931 2837 iohannem
962 2773 1064 2836 filium
1090 2775 1259 2837 Laurencii
1292 2775 1411 2857 recepit
1441 2788 1503 2837 ter·

239 2881 364 2942 minum
388 2879 428 2941 ad
452 2893 527 2942 octo
550 2879 619 2942 dies
642 2879 683 2941 ad
707 2880 979 2962 respondendum.

344 2986 421 3048 ltem
446 2987 554 3047 relicta
579 2986 760 3067 lngermani
784 2986 824 3047 ad
849 2999 922 3048 octo
947 2987 1014 3048 dies
1037 2999 1164 3048 tenetur
1187 2985 1290 3067 jurare
1315 3000 1381 3049 met
1404 2987 1501 3048 tercia

241 3111 314 3154 cum
339 3092 484 3173 personis
511 3092 572 3153 sibi
604 3092 764 3153 similibus
794 3104 904 3154 contra
934 3092 1077 3154 relictam
1110 3093 1221 3154 lacobi
1252 3090 1328 3153 dicti
1352 3090 1427 3154 Zirlr
1451 3113 1500 3154 ra·

242 3199 334 3260 cione
359 3198 524 3260 cuiusdam
552 3194 669 3259 mirice.

344 3303 423 3366 lterrl
448 3302 644 3386 Meynardus
676 3303 772 3365 debet
806 3292 1000 3384 respondere
1032 3303 1099 3365 sine
1132 3304 1362 3365 crastinacione
1393 3318 1504 3366 contra

239 3408 378 3490 judicem
397 3423 427 3469 et
444 3407 563 3489 juratos
586 3428 681 3490 super
696 3408 802 3470 verbis
823 3408 1043 3491 opprobriosis
1059 3421 1116 3492 per
1133 3408 1272 3471 eundem
1290 3408 1501 3492 Meynardum

237 3505 381 3598 prositis,
405 3515 477 3597 ipso
499 3513 605 3595 judice
628 3506 659 3576 et
683 3514 775 3575 dictis
798 3514 909 3595 juratis
931 3524 990 3598 pro
1013 3514 1167 3576 tribunali
1190 3514 1385 3579 sedentibus.

343 3620 421 3682 ltem
445 3620 597 3682 Nicolaus
622 3618 706 3681 filius
729 3619 883 3682 Valterini
915 3629 1025 3682 contra
1051 3621 1095 3683 St.
1128 3620 1230 3702 prima
1255 3621 1411 3682 citacione
1436 3620 1501 3682 non

237 3727 426 3810 comparuit.

283 3871 285 3879 =
343 3834 421 3894 ltern
446 3831 613 3914 Philippus
629 3830 716 3894 lilius
739 3831 865 3893 Ztoiani
891 3843 1000 3894 contra
1018 3830 1210 3894 Budizlaum
1224 3831 1366 3893 secundo
1390 3831 1503 3894 citatus

239 3958 305 4001 non
329 3939 509 4022 comparuit
532 3948 563 4000 'et
585 3932 695 4000 contis
724 3936 877 4000 Matheas.
1462 3953 1464 3961 ’

344 4063 422 4124 ltem
446 4059 554 4124 relicta
572 4050 929 4142 Meltlioc'ir‘ienrecspit
957 4053 1129 4122 ierminutn
1159 4074 1270 4122 contra
1303 4107 1343 4122 ..
1369 4107 1376 4122 .
1402 4060 1502 4143 usque

237 4165 349 4230 feriam
373 4182 493 4231 sextam
520 4167 560 4229 ad
585 4167 857 4250 respondendum.

240 4262 242 4266 Α
343 4268 421 4336 ltetn
537 4272 646 4335 contla
677 4261 815 4335 Paolum
848 4267 969 4335 dicturis
1002 4271 1083 4334 Alch
1111 4272 1213 4355 prima
1246 4271 1402 4333 citacione
1436 4292 1503 4334 non
1570 4324 1572 4326 .

237 4379 428 4465 comparuit.
1200 4460 1202 4463 ι
1486 4377 1488 4380 ’

240 4473 241 4476 '
343 4483 421 4546 item
445 4484 607 4546 lohannes
631 4476 796 4568 Z'ldtola‘z}¹
819 4473 929 4546 cbntr'd
958 4482 1136 4565 Georgium
1160 4478 1317 4544 Ztaunich
1340 4478 1442 4563 prima
1460 4482 1502 4544 ci-

236 4591 362 4654 tacione
387 4609 453 4652 non
477 4590 666 4672 comparuit.

301 4688 318 4694 ”
343 4673 423 4776 itero
445 4687 797 4778 (Rado)zlausco'titi'd'
811 4685 1002 4781 Clrurerr‘utrr'
1029 4686 1071 4758 ad
1101 4709 1175 4758 octo
1199 4693 1268 4756 die‘s
1298 4693 1418 4778 recepit
1440 4705 1503 4785 ter·

237 4793 363 4863 mintius
387 4795 428 4863 dd
450 4790 734 4884 respondendam·
781 4879 786 4887 .
841 4824 842 4829 ¹
876 4878 879 4884 Ι
1366 4795 1369 4801 ’
1411 4790 1412 4795 ’
