3488 5250
545 309 547 313 ¹
604 327 691 384 Anno
713 323 805 403 1360.
830 361 872 370 —
895 342 923 389 1.
948 329 1108 389 decembris.
1428 348 1485 410 193

331 537 408 598 Item
433 550 547 598 octavo
573 536 624 598 die
642 535 788 599 Andreas
804 536 844 598 de
862 537 973 619 Spinal
992 551 1101 599 contra
1126 538 1255 600 Petrum
1272 537 1373 600 filium
1391 539 1488 601 Boni·

223 656 322 724 gonte
347 663 380 704 se
405 643 560 725 septimus
583 642 687 724 jurare
720 641 816 705 debet
847 642 935 724 quod
960 656 1023 706 tres
1052 643 1153 705 balias
1185 645 1224 705 de
1248 644 1404 707 salnintro
1427 646 1488 708 sibi

223 767 289 809 non
316 749 506 829 assignasset
530 749 570 811 ad
594 747 798 811 servandum.

330 853 408 915 Item
432 855 507 936 quia
532 855 618 916 idem
643 855 756 916 Petrus
779 854 901 916 dictum
925 854 1088 917 Andream
1112 855 1219 917 verbis
1241 855 1389 936 turpibus
1406 855 1489 916 vitu-

224 961 347 1042 peravit
370 973 401 1022 et
425 960 539 1022 exinde
555 961 741 1022 testimonio
759 958 819 1021 fuit
835 961 1000 1022 convictus
1015 958 1197 1039 sufficienti,
1210 960 1363 1022 remansit
1379 973 1489 1022 contra

224 1065 364 1128 eundem
388 1064 553 1127 Andream
576 1066 609 1127 in
633 1065 759 1127 duabus
783 1066 897 1127 marcis
921 1080 952 1128 et
976 1066 1008 1127 in
1022 1065 1130 1127 media
1153 1065 1250 1147 judici
1275 1084 1377 1148 usque
1394 1065 1489 1147 quin·

226 1170 325 1233 denas
348 1170 521 1234 soluturus.

332 1276 411 1339 ltem
442 1277 662 1338 adiudicatum
695 1291 760 1356 est,
791 1292 826 1338 ut
857 1277 1004 1338 universa
1041 1277 1124 1338 bona
1158 1276 1234 1338 luan
1264 1276 1340 1338 dicti
1373 1275 1490 1338 Cemer

224 1400 326 1464 usque
339 1382 472 1444 tercium
487 1381 573 1443 diem
588 1382 619 1443 in
632 1395 696 1444 tres
708 1397 812 1464 partes
833 1381 1027 1461 dividantur,
1043 1396 1075 1445 et
1090 1382 1153 1443 due
1168 1394 1272 1464 partes
1300 1383 1488 1443 eorumdem

224 1485 298 1548 liliis
315 1486 442 1548 duobus
466 1501 497 1549 et
521 1486 647 1548 filiabus
666 1487 791 1548 duabus
807 1487 951 1549 eiusdem
969 1487 1045 1549 luan
1070 1488 1286 1568 assignentur,
1298 1487 1394 1550 tercia
1412 1506 1488 1548 vero

226 1611 298 1673 pars
322 1592 403 1665 inter
434 1606 581 1674 parentes
613 1591 852 1655 interfectorum
878 1606 909 1655 et
943 1592 1065 1672 judices
1096 1592 1274 1670 dividatur;
1299 1592 1486 1674 eisdemque

228 1696 468 1759 interfectorum
500 1698 685 1779 parentibus
716 1697 819 1760 littere
851 1698 1090 1760 communitatis
1123 1699 1190 1760 dari
1223 1712 1332 1761 contra
1366 1698 1488 1759 dictum

226 1802 303 1865 luan
329 1816 360 1864 et
385 1801 561 1884 Georgium
588 1803 657 1865 eius
680 1802 781 1865 filium
803 1823 898 1886 super
922 1822 960 1864 eo
978 1804 1152 1881 debebunt,
1175 1818 1210 1866 ut
1234 1804 1429 1885 ubicumque
1454 1805 1487 1865 in

226 1909 387 1970 territorio
411 1909 546 1970 civitatis
569 1910 841 1990 quandocumque
866 1909 1055 1992 reprehendi
1080 1924 1241 1992 poterunt,
1265 1912 1387 1991 absque
1411 1926 1489 1972 stre·

224 2015 295 2096 pitu
319 2013 429 2095 judicii
454 2014 604 2095 aliqualis
625 2016 821 2077 sentenciam
846 2015 1016 2097 capitalem
1038 2015 1145 2077 subire
1169 2028 1346 2078 teneantur.

334 2119 412 2182 ltem
436 2134 550 2182 octavo
582 2120 633 2182 die
667 2120 785 2182 Paulus
816 2119 973 2183 litteratus
1003 2120 1087 2182 filius
1119 2121 1209 2182 Pauli
1234 2121 1310 2183 dicti
1336 2120 1486 2204 Gyursyn

227 2240 337 2290 contra
361 2226 535 2308 Martinum
553 2226 727 2288 Boniolum
751 2245 807 2308 per
824 2226 953 2288 Petrum
979 2227 1100 2288 dictum
1125 2225 1237 2288 Touth
1259 2241 1290 2288 et
1307 2225 1488 2289 lohannem

225 2332 451 2394 stacionarium
485 2351 580 2414 super
613 2351 651 2393 eo
686 2331 906 2394 testimonium
942 2332 1118 2414 producere
1154 2331 1269 2409 debet,
1300 2332 1389 2414 quod
1422 2333 1488 2414 ipse

226 2439 352 2499 Marcus
375 2437 435 2499 sibi
460 2456 590 2498 omnem
614 2436 870 2499 satisfaccionem
895 2457 931 2498 ex
956 2450 1044 2519 parte
1062 2436 1166 2499 fratris
1188 2437 1238 2498 sui
1261 2450 1428 2518 tamquam
1444 2438 1489 2498 rei

225 2544 392 2606 occasione
418 2542 582 2604 effusionis
605 2543 769 2623 sanguinis
800 2543 867 2605 sive
891 2543 990 2605 eciam
1023 2543 1241 2605 mutilacionis
1272 2544 1410 2607 membri
1441 2539 1489 2604 in-

225 2650 366 2732 pendere
390 2649 619 2731 assumpsisset.
1317 2640 1321 2649 '

332 2755 410 2817 ltem
436 2755 487 2815 die
519 2755 656 2837 presenti
689 2754 828 2836 quedam
859 2768 942 2817 terra
973 2755 1103 2818 arabilis
1134 2757 1245 2818 lacobi
1276 2754 1335 2819 filii
1359 2755 1489 2837 Cosme,

224 2877 321 2940 quam
346 2860 386 2921 ab
411 2858 625 2942 Endreylrone
650 2873 860 2942 compararat,
885 2880 940 2943 per
970 2861 1052 2922 duos
1084 2861 1204 2940 juratos
1228 2860 1366 2944 Mykech
1389 2860 1489 2943 judici

224 2979 388 3041 statuatur,
420 2984 517 3047 quam
551 2984 651 3046 usque
683 2965 864 3047 quindenas
895 2966 920 3027 si
952 2985 1017 3028 non
1048 2965 1223 3045 rediment,
1247 2966 1376 3046 vendet,
1409 2983 1440 3029 et
1462 2967 1489 3029 si

225 3069 404 3132 diminucio
429 3071 525 3133 suerit
548 3070 708 3152 aliqualis,
733 3070 773 3133 de
797 3071 868 3133 aliis
891 3072 1061 3153 persolvet.

331 3177 517 3238 Notandum
542 3176 643 3238 eciam
668 3191 715 3238 est
744 3190 775 3237 et
807 3177 1016 3238 constitutum
1049 3175 1245 3258 firmiterque
1277 3191 1309 3238 et
1332 3189 1489 3259 perpetuo

224 3281 474 3359 observandum,
497 3296 532 3344 ut
555 3282 663 3343 nullus
679 3282 840 3364 quispiam
855 3280 1043 3359 forensium,
1060 3282 1199 3343 cuiusvis
1215 3283 1304 3362 regni
1329 3302 1384 3344 seu
1404 3284 1489 3344 urbis

224 3388 346 3465 existat,
371 3388 513 3470 aliquem
532 3388 750 3450 civitatensem
764 3387 956 3469 aliqualiter,
973 3388 1088 3469 quovis
1101 3386 1212 3464 modo,
1236 3388 1364 3450 racione
1386 3388 1489 3470 quali·

224 3511 362 3574 cumque
386 3494 529 3575 inpetere
554 3500 657 3555 valeat
680 3493 741 3555 nisi
766 3492 1053 3554 consvetudinariis
1077 3493 1287 3555 citacionibus
1303 3492 1488 3575 prehabitis.

331 3599 409 3660 ltem
433 3613 547 3660 octavo
572 3599 623 3660 die
648 3599 735 3660 Elias
764 3598 973 3660 stacionarius
1004 3618 1061 3680 per
1084 3597 1247 3658 Andream
1279 3598 1416 3660 condam
1440 3598 1488 3681 ju·

224 3715 341 3780 ratum,
365 3703 485 3765 Trosth
502 3723 587 3765 nunc
611 3703 751 3785 juratum
767 3717 798 3765 et
814 3703 994 3765 lohannem
1012 3705 1167 3783 Neterger
1187 3717 1296 3764 contra
1314 3704 1489 3766 Martinum

224 3809 348 3890 Reyniz
372 3829 467 3891 super
491 3829 529 3871 eo
553 3809 772 3870 testimonium
797 3808 974 3891 producere
992 3809 1096 3886 debet,
1121 3808 1209 3889 quod
1234 3807 1312 3869 dum
1336 3809 1396 3890 ipsi
1414 3810 1489 3872 bina

224 3913 293 3974 vice
328 3933 385 3995 per
418 3914 556 3994 judicem
589 3915 629 3975 ad
663 3913 801 3975 eundem
832 3933 928 3996 super
959 3933 998 3974 eo
1023 3913 1112 3975 missi
1143 3913 1318 3975 extitissent
1350 3928 1384 3975 ut
1414 3915 1488 3975 vina

223 4039 280 4080 sua
303 4033 334 4082 et
356 4018 463 4100 fruges
487 4020 519 4081 in
544 4020 642 4082 domo
666 4040 722 4081 sua
746 4019 852 4081 locare
882 4019 1060 4081 admisisset
1084 4033 1115 4080 et
1146 4037 1253 4080 coram
1278 4019 1355 4101 ipsis
1379 4039 1415 4081 ea
1440 4019 1487 4081 lo·

224 4144 294 4186 care
318 4139 500 4197 recusasset.
883 4141 886 4144 ’

330 4230 468 4291 Econtra
491 4244 599 4293 autem
623 4232 709 4292 idem
728 4231 885 4292 Martinus
908 4250 964 4312 per
981 4231 1161 4292 iohannem
1185 4245 1339 4294 sartorem
1364 4243 1395 4290 et
1418 4249 1488 4312 pre·

224 4335 345 4396 dictum
369 4334 550 4396 lohannem
574 4337 728 4416 Neterger
751 4349 860 4397 contra
889 4335 1069 4417 predictum
1095 4336 1199 4398 Eliam
1224 4336 1256 4397 in
1281 4355 1320 4397 eo
1344 4335 1487 4396 testimo·

223 4441 314 4502 nium
337 4441 513 4522 producere
546 4441 652 4517 debet,
683 4441 771 4523 quod
796 4462 853 4524 per
883 4442 969 4523 ipsos
1001 4444 1140 4520 eundem
1170 4443 1310 4525 predicta
1334 4441 1486 4504 videlicet

223 4546 334 4608 vinum
359 4561 391 4608 et
417 4545 549 4607 bladum
574 4547 613 4607 ad
638 4546 812 4609 locandum
841 4547 1015 4610 invitasset.

330 4651 408 4713 ltem
432 4650 562 4714 Churen
587 4670 660 4712 cum
684 4671 784 4714 uxore
807 4670 865 4713 sua
889 4667 998 4714 contra
1024 4654 1191 4715 Marenum
1219 4652 1357 4732 juratum
1381 4653 1487 4735 primo

223 4758 337 4819 citatus
360 4777 426 4819 non
454 4757 643 4839 comparuit.

1383 4866 1419 4928 ¹3
