3488 5250
327 323 385 404 136
707 326 908 403 Anno1359.
934 359 973 369 —
999 341 1049 402 23.
1074 329 1201 400 augusti.

427 534 506 596 Item
531 534 681 614 magister
706 534 751 597 St.
776 548 865 618 pater
888 556 965 597 suus
989 550 1098 597 contra
1119 537 1257 597 eundem
1282 539 1450 620 proposuit
1473 552 1586 621 poten·

323 638 408 700 ciam>
431 651 462 700 et
485 639 661 721 dampnum
687 654 815 701 centum
840 660 1029 704 marcarum.
1066 641 1139 714 Que
1163 641 1203 703 ad
1228 656 1300 703 octo
1324 642 1395 705 dieo
1416 656 1489 705 sunt
1513 662 1586 726 pro·
1683 683 1685 687 -

322 758 432 825 rogata
458 745 512 823 ita,
536 744 625 826 quod
650 746 717 826 ipse
742 746 786 809 M.
811 748 850 807 de
874 767 910 808 ea
937 747 1033 808 debet
1056 747 1249 828 respondere
1273 747 1313 808 ad
1337 748 1479 830 plenum.

430 852 507 912 Item
532 870 612 912 uxor
635 852 757 914 Videch
783 866 893 915 contra
923 853 1083 936 Kyrinum
1106 852 1249 914 secundo
1280 854 1375 915 citata
1410 873 1476 916 non
1500 874 1587 917 com·

323 956 439 1038 paruit.

430 1063 509 1124 Item
523 1064 589 1126 Cus
605 1062 745 1126 carnifex
758 1078 873 1126 octavo
891 1063 944 1125 die
961 1077 1070 1125 contra
1087 1063 1257 1126 Nicolaum
1275 1064 1371 1138 debet
1383 1066 1587 1148 respondere.

431 1167 510 1229 Item
534 1169 601 1231 Cus
625 1168 766 1231 carnifex
790 1169 895 1251 primo
920 1169 1034 1230 citatus
1057 1183 1166 1249 contra
1191 1170 1299 1232 Petres
1315 1189 1381 1232 non
1399 1172 1587 1253 comparuit.

434 1273 512 1334 Item
537 1274 733 1336 Laurencius
758 1274 896 1336 Vardich
914 1288 1023 1336 contra
1040 1274 1218 1356 Georgium
1235 1276 1377 1337 secundo
1394 1277 1507 1339 citatus
1523 1298 1588 1339 non

325 1380 515 1461 comparuit.

433 1484 509 1546 Item
534 1504 614 1546 uxor
631 1486 733 1548 Jaireti
750 1485 936 1547 ioculatoris
960 1500 1069 1547 contra
1086 1486 1229 1548 Blasium
1246 1486 1388 1548 secundo
1412 1487 1506 1549 citata
1523 1507 1596 1549 noo

326 1591 517 1672 comparuit.

434 1696 511 1758 Item
535 1698 640 1779 prImo
664 1698 784 1759 iudicio
809 1697 964 1760 adventus
987 1698 1063 1760 Iuan
1090 1698 1236 1781 preconis
1260 1711 1368 1760 contra
1393 1699 1501 1761 Petres
1524 1719 1591 1761 car·

329 1800 454 1863 nificem
479 1823 560 1865 uxor
583 1823 638 1865 sua
663 1804 759 1865 debet
782 1803 987 1886 respondere.

435 1907 513 1970 Item
537 1909 672 1971 Peterko
698 1923 786 1971 sutor
809 1923 919 1970 contra
938 1908 1102 1971 Andream
1118 1908 1261 1970 secundo
1285 1909 1398 1970 citatus
1422 1930 1487 1971 non
1504 1929 1592 1971 com·

326 2014 444 2096 paruit.

436 2119 512 2181 Item
537 2121 614 2182 Iuan
639 2134 749 2183 contra
772 2120 885 2183 Achko
909 2121 1015 2203 primo
1040 2121 1153 2181 citatus
1177 2139 1243 2182 non
1267 2122 1456 2203 comparuit.

437 2226 515 2287 Item
537 2227 655 2288 Paulus
672 2240 780 2289 contra
804 2225 908 2288 filium
928 2227 1003 2287 Jake
1021 2226 1163 2287 secundo
1191 2225 1304 2286 citatus
1320 2246 1386 2287 non
1404 2227 1593 2309 comparuit.

437 2332 515 2393 Item
539 2352 631 2394 causa
665 2352 728 2414 que
763 2332 895 2402 vertitur
928 2332 1010 2393 Inter
1040 2330 1241 2413 MychaeIem
1275 2330 1375 2392 Saffar
1399 2345 1430 2393 et
1454 2334 1528 2394 Kun
1553 2332 1593 2394 ad

331 2447 404 2496 octo
429 2437 497 2498 dIes
521 2452 567 2499 est
590 2452 770 2521 prorogata.

437 2543 515 2604 Item
540 2556 653 2605 octavo
678 2544 730 2606 die
755 2542 973 2605 Lancholotus
996 2555 1105 2603 contra
1134 2541 1298 2603 Thomam
1322 2561 1477 2622 magnum
1499 2543 1595 2605 debet

333 2647 537 2729 respondere.

439 2756 516 2817 Item
541 2756 654 2817 Marko
677 2776 779 2837 nepos
803 2756 968 2817 Bobkonis
999 2767 1110 2816 contra
1140 2759 1249 2836 Arney
1280 2766 1421 2814 sutorem
1453 2751 1595 2814 secundo

333 2862 447 2923 citatus
471 2883 535 2924 non
561 2862 750 2944 comparuit.

330 2998 332 3002 ’
438 2962 515 3031 Item
539 2970 689 3051 Dragona
714 2982 803 3030 sutor
826 2980 940 3029 octavo
972 2967 1024 3029 die
1056 2980 1165 3028 contra
1197 2957 1396 3049 MychaeIem
1427 2966 1522 3026 debet
1545 2983 1594 3025 re·

333 3074 502 3156 spondere.

332 3198 337 3204 ·
439 3180 515 3242 Item
540 3194 655 3243 octavo
679 3179 732 3240 die
757 3179 887 3261 Mathey
903 3191 1013 3240 contra
1030 3178 1177 3258 Duchko,
1194 3180 1296 3240 Janko
1313 3190 1344 3240 et
1361 3178 1483 3238 Ztanko
1501 3176 1597 3238 debet

336 3286 530 3367 respondere
555 3301 585 3348 et
609 3286 653 3348 St.
678 3284 782 3346 filium
806 3284 901 3346 Petri.
979 3321 990 3332 ι
1466 3286 1469 3290 ’

440 3392 519 3454 Item
539 3391 618 3453 -Iicet
641 3385 773 3452 domina
791 3382 992 3470 Margaretha
1008 3389 1105 3451 hodie
1123 3390 1190 3450 imo
1214 3389 1315 3450 eciam
1333 3388 1365 3449 in
1390 3388 1510 3449 octavis
1526 3406 1597 3469 pre·

335 3497 433 3558 sentis
457 3497 521 3559 diei
545 3510 654 3558 contra
679 3495 826 3557 Todcam
850 3514 1031 3577 proponere
1063 3496 1199 3556 debebat
1223 3509 1383 3575 magere,
1407 3506 1514 3554 tamen
1539 3510 1597 3553 nec

335 3603 429 3666 venit
446 3623 505 3665 nec
528 3604 623 3666 misit.
1185 3617 1187 3622 “
1250 3621 1251 3624 ’

415 3839 512 3940 Feripa
539 3848 636 3913 sexta
662 3842 819 3930 proxima
848 3847 925 3929 post
953 3839 1076 3910 sestam
1104 3839 1194 3909 beati
1223 3836 1381 3925 Stephani
1410 3838 1510 3924 regis.

333 3953 340 3958 Β
489 3968 492 3972 ,
618 3967 620 3970 Ι
854 4005 916 4068 (23.
940 3992 1079 4066 auguste).

355 4130 358 4137 ’
442 4135 552 4196 Primo
576 4132 722 4195 Cernech
746 4131 901 4195 Zelezche
927 4150 1027 4212 usque
1043 4130 1228 4212 quindecim
1250 4129 1319 4190 dies
1334 4141 1460 4190 tenetur
1476 4127 1600 4188 solvere

339 4242 406 4303 Juri
429 4241 529 4302 sutori
553 4240 613 4300 XII
641 4241 710 4303 flor.

333 4360 336 4365 ⁴
364 4390 365 4394 ,
443 4347 522 4408 Item
548 4346 625 4407 Iuan
641 4364 739 4426 gener
756 4343 897 4406 custodis
920 4356 1034 4404 octavo
1056 4343 1107 4403 die
1124 4354 1234 4403 contra
1251 4340 1422 4402 Nicolaum
1446 4356 1600 4420 generum

340 4452 466 4524 Malech
490 4467 555 4513 met
579 4449 739 4512 secundus
761 4449 865 4530 jurare
889 4448 993 4510 debet.

445 4557 524 4619 Item
545 4553 662 4620 'octavo
686 4556 739 4618 dIe
763 4556 901 4617 Iacobus
932 4552 1017 4615 filius
1048 4543 1168 4615 Vrbani
1202 4565 1311 4613 contra
1343 4549 1523 4611 Francham
1546 4566 1603 4629 per

340 4665 509 4726 Marenum
531 4663 689 4724 decanum
714 4674 745 4722 et
769 4661 944 4723 Martinum
968 4647 1098 4721 mosnar
1128 4657 1349 4722 testimonium
1373 4674 1468 4737 super
1491 4654 1604 4715 verbe·

338 4770 427 4831 ribus
450 4768 628 4849 producere
651 4779 788 4830 tenetur.
1428 4749 1431 4754 ’
