3488 5250
1291 340 1499 453 Δ

345 551 423 614 ltem
440 550 577 613 Oblicha
595 549 689 611 nobis
704 569 763 631 pro
779 549 932 611 tribunali
949 550 1197 612 consedentibus
1216 551 1395 632 proposuit,
1412 550 1500 632 quod

237 657 394 720 Martinus
416 655 556 719 famulus
581 655 695 735 judicis
718 654 823 737 ipsum
847 655 982 737 turpiter
1004 655 1225 738 vituperasset,
1253 675 1348 738 super
1371 675 1437 736 quo
1454 656 1500 717 di-

236 765 328 825 cebat
351 782 384 823 se
408 762 524 824 habere
548 761 781 839 testimonium,
805 760 892 841 quod
918 762 1051 842 quidem
1079 762 1302 824 testimonium
1326 762 1431 844 ipsum
1453 762 1501 824 di-

236 868 322 930 misit
346 869 378 930 in
404 869 479 948 ipsis
502 869 618 946 verbis,
641 879 790 949 proptera
815 866 901 929 idem
925 866 1063 929 Oblicha
1087 869 1252 930 convictus
1277 867 1337 930 luit
1362 869 1393 930 in
1419 868 1501 930 duo·

238 974 297 1034 bus
321 973 457 1053 judiciis.

344 1078 422 1139 ltem
449 1078 607 1160 Georgius
639 1077 776 1160 piscator
807 1092 921 1140 octavo
953 1077 1005 1140 die
1037 1098 1069 1138 se
1093 1093 1182 1139 sexto
1217 1079 1360 1160 personis
1391 1093 1500 1142 contre

237 1185 335 1246 Janez
360 1197 569 1266 pannatorem
587 1182 801 1263 juramentum
825 1198 964 1266 prestare
980 1196 1107 1245 tenetur
1130 1203 1225 1265 super
1249 1204 1299 1262 eo,
1323 1200 1357 1246 ut
1383 1185 1500 1267 ipsein

238 1310 345 1372 panno
369 1288 473 1352 furato
498 1291 537 1351 ab
562 1291 632 1372 ipso
656 1290 754 1351 Janez
776 1291 904 1372 penitus
927 1302 974 1350 est
997 1289 1151 1351 innocens
1175 1304 1206 1351 et
1230 1290 1382 1354 inmunis.

344 1396 421 1457 Item
453 1396 635 1458 Demetrius
667 1394 799 1456 maritus
834 1394 942 1457 relicte
967 1394 1136 1456 Radouani
1160 1408 1289 1458 tenetur
1312 1396 1436 1459 solvere
1461 1397 1500 1458 ad

237 1500 423 1582 quindecim
448 1501 516 1562 dies
540 1500 611 1562 lllll
635 1518 752 1581 pensas
775 1499 981 1562 denariorum
1006 1500 1095 1561 Jurse
1120 1520 1178 1582 pro
1202 1501 1322 1562 debito.

344 1606 423 1668 ltem
447 1607 630 1668 Demetrius
653 1606 791 1688 piscator
814 1607 933 1688 recepit
956 1606 1130 1667 terminum
1153 1620 1263 1669 contra
1281 1607 1444 1670 Andresm
1462 1608 1502 1669 ad

238 1726 312 1775 octo
337 1713 405 1774 dies
428 1712 468 1774 ad
493 1711 763 1794 respondendum.

346 1818 424 1880 ltem
454 1817 718 1899 adjudicaverunt
749 1817 853 1896 iurati,
877 1831 912 1879 ut
941 1819 1016 1900 quia
1047 1817 1186 1881 Oblicha
1223 1817 1364 1899 sigillum
1389 1817 1504 1898 judicis

238 1943 297 2006 pro
322 1924 456 1986 collecta
479 1923 675 1985 florenorum
700 1922 740 1983 ad
764 1923 898 1985 domum
923 1934 1013 1985 suam
1046 1924 1187 2005 positum
1214 1923 1343 2005 propria
1366 1924 1503 1985 auctori·

239 2042 303 2091 tate
330 2028 496 2111 confregit,
521 2029 595 2090 ideo
627 2047 729 2109 usque
754 2029 794 2090 ad
825 2029 954 2111 plenam
986 2030 1186 2092 solucionem
1220 2029 1379 2091 dictorum
1410 2029 1503 2092 flore·

239 2155 354 2196 norum
380 2135 465 2196 idem
499 2134 637 2197 Oblicha
669 2147 814 2196 teneatur
845 2135 956 2197 sedere
989 2136 1020 2197 in
1053 2135 1152 2196 domo
1184 2135 1441 2213 communitatis,
1473 2149 1504 2197 et

239 2241 340 2302 eciam
365 2240 533 2322 persolutis
557 2240 633 2322 ipsis
656 2239 786 2301 florenis
817 2239 914 2320 judici
946 2253 1092 2302 teneatur
1123 2241 1324 2302 voluntatem
1357 2241 1502 2303 invenire

239 2345 279 2407 de
305 2346 477 2427 premissis.

347 2453 424 2514 ltem
449 2453 523 2533 quia
557 2452 642 2514 idem
676 2450 813 2513 Oblicha
846 2465 955 2514 contra
988 2453 1143 2514 Jacobum
1177 2452 1298 2513 dictum
1323 2452 1438 2514 Pzicha
1470 2454 1502 2516 iu

239 2555 342 2619 forma
366 2559 465 2619 nostri
489 2556 599 2638 judicii
616 2557 744 2620 racione
761 2557 919 2619 violencie
935 2558 1114 2640 proposuit,
1138 2559 1226 2640 quod
1244 2559 1502 2641 proposicionem

240 2683 331 2725 suem
357 2684 413 2746 per
445 2679 539 2726 testes
571 2665 780 2746 comprobare
813 2684 879 2726 non
911 2664 1016 2746 potuit
1047 2677 1082 2726 ut
1111 2664 1259 2742 debebat,
1295 2664 1368 2726 ideo
1401 2664 1504 2728 dictus

241 2769 380 2833 Oblicha
404 2785 513 2834 contra
537 2771 677 2834 eundern
701 2773 857 2834 Jacobum
882 2771 1034 2833 remansit
1057 2772 1089 2833 in
1114 2771 1307 2853 calumpnia.
