<?xml version="1.0" encoding="UTF-8"?>
<!DOCTYPE html PUBLIC "-//W3C//DTD XHTML 1.0 Transitional//EN"
    "http://www.w3.org/TR/xhtml1/DTD/xhtml1-transitional.dtd">
<html xmlns="http://www.w3.org/1999/xhtml" xml:lang="en" lang="en">
 <head>
  <title>
</title>
<meta http-equiv="Content-Type" content="text/html;charset=utf-8" />
  <meta name='ocr-system' content='tesseract 3.04.00' />
  <meta name='ocr-capabilities' content='ocr_page ocr_carea ocr_par ocr_line ocrx_word'/>
</head>
<body>
  <div class='ocr_page' id='page_1' title='image "./monumentahistor08laszgoog/monumentahistor08laszgoog_0278.png"; bbox 0 0 3488 5250; ppageno 0'>
   <div class='ocr_carea' id='block_1_1' title="bbox 245 319 1511 2520">
    <p class='ocr_par' dir='ltr' id='par_1_1' title="bbox 629 319 1505 402">
     <span class='ocr_line' id='line_1_1' title="bbox 629 319 1505 402; baseline 0 -22"><span class='ocrx_word' id='word_1_1' title='bbox 629 323 716 380; x_wconf 84' lang='lat' dir='ltr'>Anno</span> <span class='ocrx_word' id='word_1_2' title='bbox 739 319 830 398; x_wconf 78' lang='lat'>1362.</span> <span class='ocrx_word' id='word_1_3' title='bbox 856 355 897 365; x_wconf 94' lang='lat'><em>-</em></span> <span class='ocrx_word' id='word_1_4' title='bbox 915 336 972 398; x_wconf 78' lang='lat'>30.</span> <span class='ocrx_word' id='word_1_5' title='bbox 996 324 1123 396; x_wconf 77' lang='lat' dir='ltr'><em>augusti.</em></span> <span class='ocrx_word' id='word_1_6' title='bbox 1447 338 1505 402; x_wconf 81' lang='lat'>23¹</span> 
     </span>
    </p>

    <p class='ocr_par' dir='ltr' id='par_1_2' title="bbox 245 529 1511 1355">
     <span class='ocr_line' id='line_1_2' title="bbox 352 529 1511 613; baseline -0.003 -19"><span class='ocrx_word' id='word_1_7' title='bbox 352 533 431 595; x_wconf 91' lang='lat' dir='ltr'>Item</span> <span class='ocrx_word' id='word_1_8' title='bbox 456 551 549 594; x_wconf 85' lang='lat' dir='ltr'>causa</span> <span class='ocrx_word' id='word_1_9' title='bbox 575 532 620 595; x_wconf 87' lang='lat' dir='ltr'>St.</span> <span class='ocrx_word' id='word_1_10' title='bbox 645 530 738 613; x_wconf 78' lang='lat' dir='ltr'>jurati</span> <span class='ocrx_word' id='word_1_11' title='bbox 756 545 866 593; x_wconf 88' lang='lat' dir='ltr'>contra</span> <span class='ocrx_word' id='word_1_12' title='bbox 884 551 1016 594; x_wconf 84' lang='lat' dir='ltr'>uxorem</span> <span class='ocrx_word' id='word_1_13' title='bbox 1041 532 1206 594; x_wconf 88' lang='lat' dir='ltr'>Michaelis</span> <span class='ocrx_word' id='word_1_14' title='bbox 1231 529 1312 593; x_wconf 81' lang='lat' dir='ltr'>labri</span> <span class='ocrx_word' id='word_1_15' title='bbox 1336 543 1383 594; x_wconf 89' lang='lat' dir='ltr'>est</span> <span class='ocrx_word' id='word_1_16' title='bbox 1405 530 1511 593; x_wconf 87' lang='lat' dir='ltr'>taliter</span> 
     </span>
     <span class='ocr_line' id='line_1_3' title="bbox 247 636 1510 721; baseline -0.003 -19"><span class='ocrx_word' id='word_1_17' title='bbox 247 639 439 716; x_wconf 84' lang='lat' dir='ltr'>adiudicata,</span> <span class='ocrx_word' id='word_1_18' title='bbox 464 638 553 721; x_wconf 91' lang='lat' dir='ltr'>quod</span> <span class='ocrx_word' id='word_1_19' title='bbox 577 639 653 720; x_wconf 89' lang='lat' dir='ltr'>quia</span> <span class='ocrx_word' id='word_1_20' title='bbox 677 639 744 720; x_wconf 90' lang='lat' dir='ltr'>ipsa</span> <span class='ocrx_word' id='word_1_21' title='bbox 769 638 900 700; x_wconf 79' lang='lat' dir='ltr'>domiue</span> <span class='ocrx_word' id='word_1_22' title='bbox 932 659 966 700; x_wconf 91' lang='lat' dir='ltr'>se</span> <span class='ocrx_word' id='word_1_23' title='bbox 990 640 1022 700; x_wconf 94' lang='lat' dir='ltr'>in</span> <span class='ocrx_word' id='word_1_24' title='bbox 1047 638 1187 721; x_wconf 89' lang='lat' dir='ltr'>quadam</span> <span class='ocrx_word' id='word_1_25' title='bbox 1220 639 1312 721; x_wconf 83' lang='lat' dir='ltr'>cigne</span> <span class='ocrx_word' id='word_1_26' title='bbox 1344 636 1510 700; x_wconf 83' lang='lat' dir='ltr'>interfecta</span> 
     </span>
     <span class='ocr_line' id='line_1_4' title="bbox 247 742 1510 825; baseline -0.002 -19"><span class='ocrx_word' id='word_1_27' title='bbox 247 745 424 806; x_wconf 89' lang='lat' dir='ltr'>secundum</span> <span class='ocrx_word' id='word_1_28' title='bbox 447 744 725 807; x_wconf 88' lang='lat' dir='ltr'>adiudicacionem</span> <span class='ocrx_word' id='word_1_29' title='bbox 754 742 870 806; x_wconf 89' lang='lat' dir='ltr'>iactam</span> <span class='ocrx_word' id='word_1_30' title='bbox 901 744 1081 824; x_wconf 85' lang='lat' dir='ltr'>juramento</span> <span class='ocrx_word' id='word_1_31' title='bbox 1106 744 1267 807; x_wconf 86' lang='lat' dir='ltr'>mediante</span> <span class='ocrx_word' id='word_1_32' title='bbox 1299 763 1365 806; x_wconf 90' lang='lat' dir='ltr'>non</span> <span class='ocrx_word' id='word_1_33' title='bbox 1395 762 1510 825; x_wconf 86' lang='lat' dir='ltr'>expur-</span> 
     </span>
     <span class='ocr_line' id='line_1_5' title="bbox 245 848 1509 933; baseline 0 -21"><span class='ocrx_word' id='word_1_34' title='bbox 245 850 333 933; x_wconf 82' lang='lat' dir='ltr'>gavit</span> <span class='ocrx_word' id='word_1_35' title='bbox 356 864 391 911; x_wconf 89' lang='lat' dir='ltr'>ut</span> <span class='ocrx_word' id='word_1_36' title='bbox 415 849 563 929; x_wconf 80' lang='lat' dir='ltr'>debebat,</span> <span class='ocrx_word' id='word_1_37' title='bbox 588 848 662 911; x_wconf 93' lang='lat' dir='ltr'>ideo</span> <span class='ocrx_word' id='word_1_38' title='bbox 686 863 800 912; x_wconf 89' lang='lat' dir='ltr'>octavo</span> <span class='ocrx_word' id='word_1_39' title='bbox 824 849 876 912; x_wconf 92' lang='lat' dir='ltr'>die</span> <span class='ocrx_word' id='word_1_40' title='bbox 905 851 1054 933; x_wconf 88' lang='lat' dir='ltr'>quitquid</span> <span class='ocrx_word' id='word_1_41' title='bbox 1078 849 1141 913; x_wconf 87' lang='lat' dir='ltr'>fide</span> <span class='ocrx_word' id='word_1_42' title='bbox 1165 850 1327 912; x_wconf 84' lang='lat' dir='ltr'>mediante</span> <span class='ocrx_word' id='word_1_43' title='bbox 1351 850 1437 912; x_wconf 89' lang='lat' dir='ltr'>idem</span> <span class='ocrx_word' id='word_1_44' title='bbox 1463 849 1509 912; x_wconf 86' lang='lat' dir='ltr'>St.</span> 
     </span>
     <span class='ocr_line' id='line_1_6' title="bbox 247 954 1509 1040; baseline -0.002 -22"><span class='ocrx_word' id='word_1_45' title='bbox 247 957 349 1040; x_wconf 90' lang='lat' dir='ltr'>ipsam</span> <span class='ocrx_word' id='word_1_46' title='bbox 374 957 498 1038; x_wconf 84' lang='lat' dir='ltr'>cignem</span> <span class='ocrx_word' id='word_1_47' title='bbox 525 956 630 1017; x_wconf 91' lang='lat' dir='ltr'>valere</span> <span class='ocrx_word' id='word_1_48' title='bbox 655 955 780 1035; x_wconf 83' lang='lat' dir='ltr'>dixerit,</span> <span class='ocrx_word' id='word_1_49' title='bbox 804 956 865 1019; x_wconf 91' lang='lat' dir='ltr'>hoc</span> <span class='ocrx_word' id='word_1_50' title='bbox 889 956 1003 1018; x_wconf 89' lang='lat' dir='ltr'>eadem</span> <span class='ocrx_word' id='word_1_51' title='bbox 1020 957 1152 1020; x_wconf 84' lang='lat' dir='ltr'>domIna</span> <span class='ocrx_word' id='word_1_52' title='bbox 1176 957 1297 1033; x_wconf 82' lang='lat' dir='ltr'>solvet3</span> <span class='ocrx_word' id='word_1_53' title='bbox 1321 955 1408 1038; x_wconf 92' lang='lat' dir='ltr'>quod</span> <span class='ocrx_word' id='word_1_54' title='bbox 1427 954 1509 1016; x_wconf 93' lang='lat' dir='ltr'>iudi-</span> 
     </span>
     <span class='ocr_line' id='line_1_7' title="bbox 246 1061 1509 1146; baseline -0.002 -22"><span class='ocrx_word' id='word_1_55' title='bbox 246 1063 332 1124; x_wconf 92' lang='lat' dir='ltr'>cium</span> <span class='ocrx_word' id='word_1_56' title='bbox 356 1062 423 1144; x_wconf 93' lang='lat' dir='ltr'>ipse</span> <span class='ocrx_word' id='word_1_57' title='bbox 448 1061 586 1123; x_wconf 86' lang='lat' dir='ltr'>Michael</span> <span class='ocrx_word' id='word_1_58' title='bbox 610 1061 815 1142; x_wconf 82' lang='lat' dir='ltr'>redarguens,</span> <span class='ocrx_word' id='word_1_59' title='bbox 840 1082 913 1124; x_wconf 92' lang='lat' dir='ltr'>cum</span> <span class='ocrx_word' id='word_1_60' title='bbox 939 1062 1058 1125; x_wconf 90' lang='lat' dir='ltr'>iudicio</span> <span class='ocrx_word' id='word_1_61' title='bbox 1081 1064 1121 1125; x_wconf 93' lang='lat' dir='ltr'>ad</span> <span class='ocrx_word' id='word_1_62' title='bbox 1139 1063 1337 1146; x_wconf 77' lang='lat' dir='ltr'>presenciam</span> <span class='ocrx_word' id='word_1_63' title='bbox 1360 1061 1509 1142; x_wconf 76' lang='lat' dir='ltr'>antIquo·</span> 
     </span>
     <span class='ocr_line' id='line_1_8' title="bbox 247 1166 1511 1250; baseline -0.001 -21"><span class='ocrx_word' id='word_1_64' title='bbox 247 1188 317 1230; x_wconf 91' lang='lat' dir='ltr'>rum</span> <span class='ocrx_word' id='word_1_65' title='bbox 341 1167 485 1250; x_wconf 83' lang='lat' dir='ltr'>judicum</span> <span class='ocrx_word' id='word_1_66' title='bbox 517 1167 701 1249; x_wconf 89' lang='lat' dir='ltr'>appellavit.</span> <span class='ocrx_word' id='word_1_67' title='bbox 734 1203 773 1213; x_wconf 97' lang='lat'>-</span> <span class='ocrx_word' id='word_1_68' title='bbox 800 1167 871 1230; x_wconf 90' lang='lat' dir='ltr'>Hoc</span> <span class='ocrx_word' id='word_1_69' title='bbox 903 1168 1058 1231; x_wconf 91' lang='lat' dir='ltr'>iudicium</span> <span class='ocrx_word' id='word_1_70' title='bbox 1090 1168 1359 1231; x_wconf 89' lang='lat' dir='ltr'>confirmaverunt</span> <span class='ocrx_word' id='word_1_71' title='bbox 1388 1166 1511 1248; x_wconf 83' lang='lat' dir='ltr'>judIces</span> 
     </span>
     <span class='ocr_line' id='line_1_9' title="bbox 245 1272 1041 1355; baseline 0.003 -19"><span class='ocrx_word' id='word_1_72' title='bbox 245 1273 380 1355; x_wconf 89' lang='lat' dir='ltr'>antiqui,</span> <span class='ocrx_word' id='word_1_73' title='bbox 404 1273 556 1355; x_wconf 91' lang='lat' dir='ltr'>idemque</span> <span class='ocrx_word' id='word_1_74' title='bbox 582 1273 627 1336; x_wconf 87' lang='lat' dir='ltr'>St.</span> <span class='ocrx_word' id='word_1_75' title='bbox 651 1292 748 1355; x_wconf 88' lang='lat' dir='ltr'>super</span> <span class='ocrx_word' id='word_1_76' title='bbox 772 1273 796 1334; x_wconf 94' lang='lat' dir='ltr'>ll</span> <span class='ocrx_word' id='word_1_77' title='bbox 821 1272 890 1336; x_wconf 89' lang='lat' dir='ltr'>flor.</span> <span class='ocrx_word' id='word_1_78' title='bbox 915 1273 1041 1354; x_wconf 89' lang='lat' dir='ltr'>juravit.</span> 
     </span>
    </p>

    <p class='ocr_par' dir='ltr' id='par_1_3' title="bbox 352 1377 1508 1460">
     <span class='ocr_line' id='line_1_10' title="bbox 352 1377 1508 1460; baseline 0 -20"><span class='ocrx_word' id='word_1_79' title='bbox 352 1379 429 1440; x_wconf 88' lang='lat' dir='ltr'>Item</span> <span class='ocrx_word' id='word_1_80' title='bbox 446 1379 602 1441; x_wconf 88' lang='lat' dir='ltr'>Martinus</span> <span class='ocrx_word' id='word_1_81' title='bbox 615 1398 745 1440; x_wconf 90' lang='lat' dir='ltr'>mosnar</span> <span class='ocrx_word' id='word_1_82' title='bbox 757 1379 862 1460; x_wconf 92' lang='lat' dir='ltr'>primo</span> <span class='ocrx_word' id='word_1_83' title='bbox 879 1379 991 1440; x_wconf 90' lang='lat' dir='ltr'>citatus</span> <span class='ocrx_word' id='word_1_84' title='bbox 1007 1395 1116 1442; x_wconf 91' lang='lat' dir='ltr'>contra</span> <span class='ocrx_word' id='word_1_85' title='bbox 1130 1381 1219 1442; x_wconf 83' lang='lat' dir='ltr'>Banlr</span> <span class='ocrx_word' id='word_1_86' title='bbox 1236 1400 1301 1442; x_wconf 92' lang='lat' dir='ltr'>non</span> <span class='ocrx_word' id='word_1_87' title='bbox 1319 1377 1508 1460; x_wconf 89' lang='lat' dir='ltr'>comparuit.</span> 
     </span>
    </p>

    <p class='ocr_par' dir='ltr' id='par_1_4' title="bbox 352 1484 1507 1567">
     <span class='ocr_line' id='line_1_11' title="bbox 352 1484 1507 1567; baseline -0.001 -20"><span class='ocrx_word' id='word_1_88' title='bbox 352 1486 428 1548; x_wconf 91' lang='lat' dir='ltr'>Item</span> <span class='ocrx_word' id='word_1_89' title='bbox 454 1484 589 1546; x_wconf 89' lang='lat' dir='ltr'>Endrilo</span> <span class='ocrx_word' id='word_1_90' title='bbox 614 1499 644 1547; x_wconf 93' lang='lat' dir='ltr'>et</span> <span class='ocrx_word' id='word_1_91' title='bbox 668 1485 789 1547; x_wconf 88' lang='lat' dir='ltr'>luanko</span> <span class='ocrx_word' id='word_1_92' title='bbox 814 1500 924 1547; x_wconf 90' lang='lat' dir='ltr'>contra</span> <span class='ocrx_word' id='word_1_93' title='bbox 956 1486 1126 1549; x_wconf 88' lang='lat' dir='ltr'>Albertum</span> <span class='ocrx_word' id='word_1_94' title='bbox 1157 1506 1223 1549; x_wconf 93' lang='lat' dir='ltr'>non</span> <span class='ocrx_word' id='word_1_95' title='bbox 1247 1496 1507 1567; x_wconf 89' lang='lat' dir='ltr'>comparuerunt.</span> 
     </span>
    </p>

    <p class='ocr_par' dir='ltr' id='par_1_5' title="bbox 245 1587 1508 1886">
     <span class='ocr_line' id='line_1_12' title="bbox 351 1587 1508 1674; baseline -0.002 -22"><span class='ocrx_word' id='word_1_96' title='bbox 351 1591 428 1653; x_wconf 85' lang='lat' dir='ltr'>Item</span> <span class='ocrx_word' id='word_1_97' title='bbox 454 1591 565 1652; x_wconf 89' lang='lat' dir='ltr'>Petrus</span> <span class='ocrx_word' id='word_1_98' title='bbox 587 1611 644 1673; x_wconf 92' lang='lat' dir='ltr'>per</span> <span class='ocrx_word' id='word_1_99' title='bbox 668 1590 785 1669; x_wconf 81' lang='lat' dir='ltr'>Elium,</span> <span class='ocrx_word' id='word_1_100' title='bbox 809 1592 977 1653; x_wconf 88' lang='lat' dir='ltr'>Marenum</span> <span class='ocrx_word' id='word_1_101' title='bbox 1010 1607 1040 1654; x_wconf 91' lang='lat' dir='ltr'>et</span> <span class='ocrx_word' id='word_1_102' title='bbox 1065 1591 1257 1674; x_wconf 85' lang='lat' dir='ltr'>Gregorium</span> <span class='ocrx_word' id='word_1_103' title='bbox 1282 1605 1377 1653; x_wconf 87' lang='lat' dir='ltr'>testes</span> <span class='ocrx_word' id='word_1_104' title='bbox 1399 1587 1508 1652; x_wconf 87' lang='lat' dir='ltr'>testifi-</span> 
     </span>
     <span class='ocr_line' id='line_1_13' title="bbox 246 1695 1508 1779; baseline -0.002 -21"><span class='ocrx_word' id='word_1_105' title='bbox 246 1697 338 1776; x_wconf 91' lang='lat' dir='ltr'>cavit,</span> <span class='ocrx_word' id='word_1_106' title='bbox 363 1695 450 1778; x_wconf 91' lang='lat' dir='ltr'>quod</span> <span class='ocrx_word' id='word_1_107' title='bbox 474 1698 513 1760; x_wconf 93' lang='lat' dir='ltr'>N.</span> <span class='ocrx_word' id='word_1_108' title='bbox 537 1695 623 1758; x_wconf 89' lang='lat' dir='ltr'>filius</span> <span class='ocrx_word' id='word_1_109' title='bbox 647 1697 724 1758; x_wconf 86' lang='lat' dir='ltr'>Iuan</span> <span class='ocrx_word' id='word_1_110' title='bbox 748 1697 808 1758; x_wconf 93' lang='lat' dir='ltr'>sibi</span> <span class='ocrx_word' id='word_1_111' title='bbox 833 1696 915 1759; x_wconf 91' lang='lat' dir='ltr'>duos</span> <span class='ocrx_word' id='word_1_112' title='bbox 943 1699 1042 1759; x_wconf 89' lang='lat' dir='ltr'>boves</span> <span class='ocrx_word' id='word_1_113' title='bbox 1065 1717 1166 1779; x_wconf 89' lang='lat' dir='ltr'>usque</span> <span class='ocrx_word' id='word_1_114' title='bbox 1199 1697 1314 1759; x_wconf 85' lang='lat' dir='ltr'>festum</span> <span class='ocrx_word' id='word_1_115' title='bbox 1339 1696 1423 1758; x_wconf 87' lang='lat' dir='ltr'>beati</span> <span class='ocrx_word' id='word_1_116' title='bbox 1447 1695 1508 1757; x_wconf 89' lang='lat' dir='ltr'>Mi-</span> 
     </span>
     <span class='ocr_line' id='line_1_14' title="bbox 245 1801 1377 1886; baseline 0.001 -22"><span class='ocrx_word' id='word_1_117' title='bbox 245 1802 363 1865; x_wconf 89' lang='lat' dir='ltr'>chaelis</span> <span class='ocrx_word' id='word_1_118' title='bbox 387 1816 533 1864; x_wconf 91' lang='lat' dir='ltr'>mutuare</span> <span class='ocrx_word' id='word_1_119' title='bbox 557 1822 593 1863; x_wconf 92' lang='lat' dir='ltr'>ac</span> <span class='ocrx_word' id='word_1_120' title='bbox 616 1801 743 1864; x_wconf 92' lang='lat' dir='ltr'>medico</span> <span class='ocrx_word' id='word_1_121' title='bbox 768 1816 799 1864; x_wconf 89' lang='lat' dir='ltr'>et</span> <span class='ocrx_word' id='word_1_122' title='bbox 821 1801 919 1883; x_wconf 91' lang='lat' dir='ltr'>judici</span> <span class='ocrx_word' id='word_1_123' title='bbox 943 1803 1123 1866; x_wconf 78' lang='lat' dir='ltr'>satisfacere</span> <span class='ocrx_word' id='word_1_124' title='bbox 1146 1804 1377 1886; x_wconf 80' lang='lat' dir='ltr'>assumpsisset.</span> 
     </span>
    </p>

    <p class='ocr_par' dir='ltr' id='par_1_6' title="bbox 245 1907 1508 2097">
     <span class='ocr_line' id='line_1_15' title="bbox 351 1907 1508 1992; baseline 0.001 -23"><span class='ocrx_word' id='word_1_125' title='bbox 351 1907 428 1970; x_wconf 88' lang='lat' dir='ltr'>Item</span> <span class='ocrx_word' id='word_1_126' title='bbox 445 1908 623 1970; x_wconf 89' lang='lat' dir='ltr'>secundum</span> <span class='ocrx_word' id='word_1_127' title='bbox 639 1926 817 1990; x_wconf 91' lang='lat' dir='ltr'>preconum</span> <span class='ocrx_word' id='word_1_128' title='bbox 835 1923 1017 1971; x_wconf 89' lang='lat' dir='ltr'>nostrorum</span> <span class='ocrx_word' id='word_1_129' title='bbox 1034 1910 1258 1972; x_wconf 88' lang='lat' dir='ltr'>attestaciones</span> <span class='ocrx_word' id='word_1_130' title='bbox 1274 1910 1381 1992; x_wconf 88' lang='lat' dir='ltr'>Matey</span> <span class='ocrx_word' id='word_1_131' title='bbox 1398 1921 1508 1971; x_wconf 88' lang='lat' dir='ltr'>contra</span> 
     </span>
     <span class='ocr_line' id='line_1_16' title="bbox 245 2013 874 2097; baseline 0.003 -23"><span class='ocrx_word' id='word_1_132' title='bbox 245 2013 389 2075; x_wconf 91' lang='lat' dir='ltr'>Blasium</span> <span class='ocrx_word' id='word_1_133' title='bbox 412 2033 475 2075; x_wconf 91' lang='lat' dir='ltr'>non</span> <span class='ocrx_word' id='word_1_134' title='bbox 501 2015 632 2076; x_wconf 88' lang='lat' dir='ltr'>citatum</span> <span class='ocrx_word' id='word_1_135' title='bbox 661 2016 874 2097; x_wconf 89' lang='lat' dir='ltr'>proponebat.</span> 
     </span>
    </p>

    <p class='ocr_par' dir='ltr' id='par_1_7' title="bbox 245 2118 1508 2413">
     <span class='ocr_line' id='line_1_17' title="bbox 350 2118 1506 2203; baseline -0.001 -22"><span class='ocrx_word' id='word_1_136' title='bbox 350 2120 428 2182; x_wconf 89' lang='lat' dir='ltr'>Item</span> <span class='ocrx_word' id='word_1_137' title='bbox 446 2139 539 2181; x_wconf 87' lang='lat' dir='ltr'>causa</span> <span class='ocrx_word' id='word_1_138' title='bbox 558 2119 687 2182; x_wconf 90' lang='lat' dir='ltr'>Thome</span> <span class='ocrx_word' id='word_1_139' title='bbox 703 2120 860 2203; x_wconf 81' lang='lat' dir='ltr'>gladipari</span> <span class='ocrx_word' id='word_1_140' title='bbox 879 2134 909 2182; x_wconf 91' lang='lat' dir='ltr'>et</span> <span class='ocrx_word' id='word_1_141' title='bbox 924 2120 1113 2203; x_wconf 86' lang='lat' dir='ltr'>Woykonis</span> <span class='ocrx_word' id='word_1_142' title='bbox 1125 2122 1165 2183; x_wconf 93' lang='lat' dir='ltr'>ad</span> <span class='ocrx_word' id='word_1_143' title='bbox 1179 2121 1353 2182; x_wconf 89' lang='lat' dir='ltr'>adventum</span> <span class='ocrx_word' id='word_1_144' title='bbox 1365 2118 1506 2201; x_wconf 88' lang='lat' dir='ltr'>primurn</span> 
     </span>
     <span class='ocr_line' id='line_1_18' title="bbox 245 2223 1508 2309; baseline -0.001 -23"><span class='ocrx_word' id='word_1_145' title='bbox 245 2225 388 2287; x_wconf 88' lang='lat' dir='ltr'>eiusdem</span> <span class='ocrx_word' id='word_1_146' title='bbox 413 2226 522 2309; x_wconf 83' lang='lat' dir='ltr'>Woylr</span> <span class='ocrx_word' id='word_1_147' title='bbox 547 2226 587 2287; x_wconf 93' lang='lat' dir='ltr'>ad</span> <span class='ocrx_word' id='word_1_148' title='bbox 612 2225 768 2288; x_wconf 90' lang='lat' dir='ltr'>iudicium</span> <span class='ocrx_word' id='word_1_149' title='bbox 799 2227 831 2287; x_wconf 93' lang='lat' dir='ltr'>in</span> <span class='ocrx_word' id='word_1_150' title='bbox 863 2227 1053 2307; x_wconf 84' lang='lat' dir='ltr'>Zagrabiam</span> <span class='ocrx_word' id='word_1_151' title='bbox 1085 2247 1158 2288; x_wconf 92' lang='lat' dir='ltr'>cum</span> <span class='ocrx_word' id='word_1_152' title='bbox 1182 2241 1213 2289; x_wconf 88' lang='lat' dir='ltr'>et</span> <span class='ocrx_word' id='word_1_153' title='bbox 1244 2226 1330 2288; x_wconf 90' lang='lat' dir='ltr'>idem</span> <span class='ocrx_word' id='word_1_154' title='bbox 1362 2223 1508 2287; x_wconf 87' lang='lat' dir='ltr'>Thomas</span> 
     </span>
     <span class='ocr_line' id='line_1_19' title="bbox 245 2333 839 2413; baseline 0.002 -21"><span class='ocrx_word' id='word_1_155' title='bbox 245 2333 358 2393; x_wconf 86' lang='lat' dir='ltr'>absens</span> <span class='ocrx_word' id='word_1_156' title='bbox 381 2351 447 2393; x_wconf 92' lang='lat' dir='ltr'>non</span> <span class='ocrx_word' id='word_1_157' title='bbox 472 2346 563 2410; x_wconf 89' lang='lat' dir='ltr'>esset,</span> <span class='ocrx_word' id='word_1_158' title='bbox 588 2346 635 2394; x_wconf 90' lang='lat' dir='ltr'>est</span> <span class='ocrx_word' id='word_1_159' title='bbox 658 2346 839 2413; x_wconf 82' lang='lat' dir='ltr'>prorogata.</span> 
     </span>
    </p>

    <p class='ocr_par' dir='ltr' id='par_1_8' title="bbox 350 2437 1507 2520">
     <span class='ocr_line' id='line_1_20' title="bbox 350 2437 1507 2520; baseline 0.002 -22"><span class='ocrx_word' id='word_1_160' title='bbox 350 2437 425 2500; x_wconf 91' lang='lat' dir='ltr'>Item</span> <span class='ocrx_word' id='word_1_161' title='bbox 452 2438 614 2500; x_wconf 85' lang='lat' dir='ltr'>Marketus</span> <span class='ocrx_word' id='word_1_162' title='bbox 638 2438 742 2520; x_wconf 93' lang='lat' dir='ltr'>primo</span> <span class='ocrx_word' id='word_1_163' title='bbox 760 2439 873 2499; x_wconf 89' lang='lat' dir='ltr'>citatus</span> <span class='ocrx_word' id='word_1_164' title='bbox 896 2452 1007 2499; x_wconf 89' lang='lat' dir='ltr'>contra</span> <span class='ocrx_word' id='word_1_165' title='bbox 1032 2438 1211 2501; x_wconf 88' lang='lat' dir='ltr'>Iohannem</span> <span class='ocrx_word' id='word_1_166' title='bbox 1232 2458 1298 2500; x_wconf 93' lang='lat' dir='ltr'>non</span> <span class='ocrx_word' id='word_1_167' title='bbox 1316 2437 1507 2520; x_wconf 89' lang='lat' dir='ltr'>comparuit.</span> 
     </span>
    </p>
   </div>
   <div class='ocr_carea' id='block_1_2' title="bbox 243 2655 1506 2870">
    <p class='ocr_par' dir='ltr' id='par_1_9' title="bbox 243 2655 1506 2870">
     <span class='ocr_line' id='line_1_21' title="bbox 243 2655 1506 2748; baseline 0.001 -22"><span class='ocrx_word' id='word_1_168' title='bbox 243 2655 365 2727; x_wconf 85' lang='lat' dir='ltr'>Tereia</span> <span class='ocrx_word' id='word_1_169' title='bbox 391 2657 476 2728; x_wconf 82' lang='lat' dir='ltr'>feria</span> <span class='ocrx_word' id='word_1_170' title='bbox 505 2659 659 2746; x_wconf 83' lang='lat' dir='ltr'>proximu</span> <span class='ocrx_word' id='word_1_171' title='bbox 697 2665 773 2746; x_wconf 89' lang='lat' dir='ltr'>post</span> <span class='ocrx_word' id='word_1_172' title='bbox 809 2658 933 2729; x_wconf 86' lang='lat' dir='ltr'>festum</span> <span class='ocrx_word' id='word_1_173' title='bbox 962 2659 1185 2730; x_wconf 84' lang='lat' dir='ltr'>desolacionis</span> <span class='ocrx_word' id='word_1_174' title='bbox 1223 2660 1313 2730; x_wconf 86' lang='lat' dir='ltr'>beati</span> <span class='ocrx_word' id='word_1_175' title='bbox 1340 2658 1506 2748; x_wconf 87' lang='lat' dir='ltr'>Johannls</span> 
     </span>
     <span class='ocr_line' id='line_1_22' title="bbox 796 2782 953 2870; baseline 0 -18"><span class='ocrx_word' id='word_1_176' title='bbox 796 2782 953 2870; x_wconf 87' lang='lat' dir='ltr'>baptiste.</span> 
     </span>
    </p>
   </div>
   <div class='ocr_carea' id='block_1_3' title="bbox 761 2935 989 3011">
    <p class='ocr_par' dir='ltr' id='par_1_10' title="bbox 761 2935 989 3011">
     <span class='ocr_line' id='line_1_23' title="bbox 761 2935 989 3011; baseline 0.018 -20"><span class='ocrx_word' id='word_1_177' title='bbox 761 2935 825 3011; x_wconf 77' lang='lat'>(30.</span> <span class='ocrx_word' id='word_1_178' title='bbox 850 2936 989 3009; x_wconf 67' lang='lat' dir='ltr'>augessit).</span> 
     </span>
    </p>
   </div>
   <div class='ocr_carea' id='block_1_4' title="bbox 240 3073 1506 4851">
    <p class='ocr_par' dir='ltr' id='par_1_11' title="bbox 244 3073 1506 3262">
     <span class='ocr_line' id='line_1_24' title="bbox 349 3073 1506 3154; baseline 0 -20"><span class='ocrx_word' id='word_1_179' title='bbox 349 3073 457 3135; x_wconf 91' lang='lat' dir='ltr'>Primo</span> <span class='ocrx_word' id='word_1_180' title='bbox 481 3073 637 3135; x_wconf 89' lang='lat' dir='ltr'>Martinus</span> <span class='ocrx_word' id='word_1_181' title='bbox 661 3092 790 3135; x_wconf 91' lang='lat' dir='ltr'>mosnar</span> <span class='ocrx_word' id='word_1_182' title='bbox 806 3087 916 3136; x_wconf 92' lang='lat' dir='ltr'>contra</span> <span class='ocrx_word' id='word_1_183' title='bbox 940 3075 1029 3135; x_wconf 82' lang='lat' dir='ltr'>Banlr</span> <span class='ocrx_word' id='word_1_184' title='bbox 1054 3073 1094 3135; x_wconf 93' lang='lat' dir='ltr'>ad</span> <span class='ocrx_word' id='word_1_185' title='bbox 1111 3088 1184 3136; x_wconf 91' lang='lat' dir='ltr'>octo</span> <span class='ocrx_word' id='word_1_186' title='bbox 1208 3073 1277 3135; x_wconf 92' lang='lat' dir='ltr'>dies</span> <span class='ocrx_word' id='word_1_187' title='bbox 1300 3073 1419 3154; x_wconf 90' lang='lat' dir='ltr'>recepit</span> <span class='ocrx_word' id='word_1_188' title='bbox 1444 3086 1506 3134; x_wconf 89' lang='lat' dir='ltr'>ter·</span> 
     </span>
     <span class='ocr_line' id='line_1_25' title="bbox 244 3178 729 3262; baseline 0.002 -23"><span class='ocrx_word' id='word_1_189' title='bbox 244 3179 369 3241; x_wconf 82' lang='lat' dir='ltr'>mittum</span> <span class='ocrx_word' id='word_1_190' title='bbox 393 3180 433 3241; x_wconf 89' lang='lat' dir='ltr'>ad</span> <span class='ocrx_word' id='word_1_191' title='bbox 457 3178 729 3262; x_wconf 92' lang='lat' dir='ltr'>respondendum.</span> 
     </span>
    </p>

    <p class='ocr_par' dir='ltr' id='par_1_12' title="bbox 348 3284 1423 3367">
     <span class='ocr_line' id='line_1_26' title="bbox 348 3284 1423 3367; baseline 0.002 -22"><span class='ocrx_word' id='word_1_192' title='bbox 348 3284 425 3347; x_wconf 89' lang='lat' dir='ltr'>Item</span> <span class='ocrx_word' id='word_1_193' title='bbox 450 3284 553 3346; x_wconf 88' lang='lat' dir='ltr'>Vanse</span> <span class='ocrx_word' id='word_1_194' title='bbox 578 3298 686 3346; x_wconf 91' lang='lat' dir='ltr'>contra</span> <span class='ocrx_word' id='word_1_195' title='bbox 712 3285 817 3347; x_wconf 81' lang='lat' dir='ltr'>Elium</span> <span class='ocrx_word' id='word_1_196' title='bbox 841 3284 983 3347; x_wconf 90' lang='lat' dir='ltr'>secundo</span> <span class='ocrx_word' id='word_1_197' title='bbox 1008 3285 1120 3346; x_wconf 89' lang='lat' dir='ltr'>citatus</span> <span class='ocrx_word' id='word_1_198' title='bbox 1144 3304 1209 3346; x_wconf 92' lang='lat' dir='ltr'>non</span> <span class='ocrx_word' id='word_1_199' title='bbox 1234 3285 1423 3367; x_wconf 89' lang='lat' dir='ltr'>comparuit.</span> 
     </span>
    </p>

    <p class='ocr_par' dir='ltr' id='par_1_13' title="bbox 243 3390 1505 3580">
     <span class='ocr_line' id='line_1_27' title="bbox 349 3390 1505 3473; baseline 0.001 -22"><span class='ocrx_word' id='word_1_200' title='bbox 349 3390 425 3453; x_wconf 88' lang='lat' dir='ltr'>Item</span> <span class='ocrx_word' id='word_1_201' title='bbox 450 3411 544 3453; x_wconf 89' lang='lat' dir='ltr'>causa</span> <span class='ocrx_word' id='word_1_202' title='bbox 573 3411 636 3473; x_wconf 93' lang='lat' dir='ltr'>que</span> <span class='ocrx_word' id='word_1_203' title='bbox 669 3392 800 3453; x_wconf 90' lang='lat' dir='ltr'>vertitur</span> <span class='ocrx_word' id='word_1_204' title='bbox 831 3392 912 3453; x_wconf 89' lang='lat' dir='ltr'>inter</span> <span class='ocrx_word' id='word_1_205' title='bbox 942 3391 1114 3453; x_wconf 92' lang='lat' dir='ltr'>Nicolaum</span> <span class='ocrx_word' id='word_1_206' title='bbox 1141 3391 1342 3471; x_wconf 64' lang='lat' dir='ltr'>&#39;organistam</span> <span class='ocrx_word' id='word_1_207' title='bbox 1372 3404 1404 3452; x_wconf 89' lang='lat' dir='ltr'>et</span> <span class='ocrx_word' id='word_1_208' title='bbox 1428 3390 1505 3452; x_wconf 91' lang='lat' dir='ltr'>Iuan</span> 
     </span>
     <span class='ocr_line' id='line_1_28' title="bbox 243 3494 1041 3580; baseline 0.003 -23"><span class='ocrx_word' id='word_1_209' title='bbox 243 3496 353 3558; x_wconf 85' lang='lat' dir='ltr'>estad</span> <span class='ocrx_word' id='word_1_210' title='bbox 377 3494 490 3558; x_wconf 85' lang='lat' dir='ltr'>feriam</span> <span class='ocrx_word' id='word_1_211' title='bbox 514 3511 636 3558; x_wconf 84' lang='lat' dir='ltr'>sextam</span> <span class='ocrx_word' id='word_1_212' title='bbox 659 3496 700 3558; x_wconf 92' lang='lat' dir='ltr'>ad</span> <span class='ocrx_word' id='word_1_213' title='bbox 724 3516 836 3579; x_wconf 90' lang='lat' dir='ltr'>pacem</span> <span class='ocrx_word' id='word_1_214' title='bbox 860 3511 1041 3580; x_wconf 82' lang='lat' dir='ltr'>prorogata.</span> 
     </span>
    </p>

    <p class='ocr_par' dir='ltr' id='par_1_14' title="bbox 349 3602 1361 3687">
     <span class='ocr_line' id='line_1_29' title="bbox 349 3602 1361 3687; baseline 0.002 -23"><span class='ocrx_word' id='word_1_215' title='bbox 349 3602 426 3665; x_wconf 87' lang='lat' dir='ltr'>Item</span> <span class='ocrx_word' id='word_1_216' title='bbox 449 3607 543 3664; x_wconf 87' lang='lat' dir='ltr'>Anna</span> <span class='ocrx_word' id='word_1_217' title='bbox 567 3615 677 3665; x_wconf 90' lang='lat' dir='ltr'>contra</span> <span class='ocrx_word' id='word_1_218' title='bbox 702 3603 812 3665; x_wconf 90' lang='lat' dir='ltr'>Sidam</span> <span class='ocrx_word' id='word_1_219' title='bbox 836 3604 941 3687; x_wconf 93' lang='lat' dir='ltr'>primo</span> <span class='ocrx_word' id='word_1_220' title='bbox 965 3604 1058 3665; x_wconf 90' lang='lat' dir='ltr'>citata</span> <span class='ocrx_word' id='word_1_221' title='bbox 1083 3623 1149 3665; x_wconf 90' lang='lat' dir='ltr'>non</span> <span class='ocrx_word' id='word_1_222' title='bbox 1172 3604 1361 3686; x_wconf 91' lang='lat' dir='ltr'>comparuit.</span> 
     </span>
    </p>

    <p class='ocr_par' dir='ltr' id='par_1_15' title="bbox 348 3708 1503 3791">
     <span class='ocr_line' id='line_1_30' title="bbox 348 3708 1503 3791; baseline 0.001 -21"><span class='ocrx_word' id='word_1_223' title='bbox 348 3708 425 3771; x_wconf 88' lang='lat' dir='ltr'>Item</span> <span class='ocrx_word' id='word_1_224' title='bbox 443 3709 552 3771; x_wconf 83' lang='lat' dir='ltr'>Punelr</span> <span class='ocrx_word' id='word_1_225' title='bbox 569 3722 678 3772; x_wconf 90' lang='lat' dir='ltr'>contra</span> <span class='ocrx_word' id='word_1_226' title='bbox 701 3708 801 3771; x_wconf 88' lang='lat' dir='ltr'>filiam</span> <span class='ocrx_word' id='word_1_227' title='bbox 818 3709 946 3771; x_wconf 87' lang='lat' dir='ltr'>Lachen</span> <span class='ocrx_word' id='word_1_228' title='bbox 970 3709 1075 3791; x_wconf 91' lang='lat' dir='ltr'>primo</span> <span class='ocrx_word' id='word_1_229' title='bbox 1092 3709 1205 3771; x_wconf 86' lang='lat' dir='ltr'>citatus</span> <span class='ocrx_word' id='word_1_230' title='bbox 1223 3729 1289 3771; x_wconf 93' lang='lat' dir='ltr'>non</span> <span class='ocrx_word' id='word_1_231' title='bbox 1314 3709 1503 3791; x_wconf 86' lang='lat' dir='ltr'>comparuit.</span> 
     </span>
    </p>

    <p class='ocr_par' dir='ltr' id='par_1_16' title="bbox 347 3814 1503 3896">
     <span class='ocr_line' id='line_1_31' title="bbox 347 3814 1503 3896; baseline 0.002 -20"><span class='ocrx_word' id='word_1_232' title='bbox 347 3814 426 3877; x_wconf 92' lang='lat' dir='ltr'>Item</span> <span class='ocrx_word' id='word_1_233' title='bbox 444 3816 605 3877; x_wconf 86' lang='lat' dir='ltr'>Marketus</span> <span class='ocrx_word' id='word_1_234' title='bbox 621 3829 731 3878; x_wconf 89' lang='lat' dir='ltr'>contra</span> <span class='ocrx_word' id='word_1_235' title='bbox 748 3815 927 3878; x_wconf 86' lang='lat' dir='ltr'>Iohannem</span> <span class='ocrx_word' id='word_1_236' title='bbox 944 3815 1087 3878; x_wconf 88' lang='lat' dir='ltr'>secundo</span> <span class='ocrx_word' id='word_1_237' title='bbox 1104 3815 1217 3877; x_wconf 87' lang='lat' dir='ltr'>citatus</span> <span class='ocrx_word' id='word_1_238' title='bbox 1233 3835 1298 3876; x_wconf 90' lang='lat' dir='ltr'>non</span> <span class='ocrx_word' id='word_1_239' title='bbox 1312 3814 1503 3896; x_wconf 89' lang='lat' dir='ltr'>comparuit.</span> 
     </span>
    </p>

    <p class='ocr_par' dir='ltr' id='par_1_17' title="bbox 241 3918 1503 4108">
     <span class='ocr_line' id='line_1_32' title="bbox 347 3918 1503 4000; baseline 0 -19"><span class='ocrx_word' id='word_1_240' title='bbox 347 3921 426 3983; x_wconf 90' lang='lat' dir='ltr'>Item</span> <span class='ocrx_word' id='word_1_241' title='bbox 451 3918 528 3982; x_wconf 85' lang='lat' dir='ltr'>feria</span> <span class='ocrx_word' id='word_1_242' title='bbox 562 3934 650 3983; x_wconf 85' lang='lat' dir='ltr'>sexta</span> <span class='ocrx_word' id='word_1_243' title='bbox 675 3921 825 3983; x_wconf 87' lang='lat' dir='ltr'>Skerlech</span> <span class='ocrx_word' id='word_1_244' title='bbox 855 3936 965 3984; x_wconf 91' lang='lat' dir='ltr'>contra</span> <span class='ocrx_word' id='word_1_245' title='bbox 989 3921 1158 3983; x_wconf 84' lang='lat' dir='ltr'>Wllrotam</span> <span class='ocrx_word' id='word_1_246' title='bbox 1191 3941 1223 3982; x_wconf 90' lang='lat' dir='ltr'>se</span> <span class='ocrx_word' id='word_1_247' title='bbox 1248 3920 1363 3982; x_wconf 89' lang='lat' dir='ltr'>tercius</span> <span class='ocrx_word' id='word_1_248' title='bbox 1385 3919 1503 4000; x_wconf 83' lang='lat' dir='ltr'>jurabit</span> 
     </span>
     <span class='ocr_line' id='line_1_33' title="bbox 241 4025 1070 4108; baseline 0 -21"><span class='ocrx_word' id='word_1_249' title='bbox 241 4026 329 4108; x_wconf 89' lang='lat' dir='ltr'>quod</span> <span class='ocrx_word' id='word_1_250' title='bbox 352 4045 432 4087; x_wconf 83' lang='lat' dir='ltr'>uxor</span> <span class='ocrx_word' id='word_1_251' title='bbox 456 4027 524 4088; x_wconf 86' lang='lat' dir='ltr'>eius</span> <span class='ocrx_word' id='word_1_252' title='bbox 547 4025 650 4088; x_wconf 89' lang='lat' dir='ltr'>filium</span> <span class='ocrx_word' id='word_1_253' title='bbox 674 4046 769 4089; x_wconf 91' lang='lat' dir='ltr'>suum</span> <span class='ocrx_word' id='word_1_254' title='bbox 792 4047 857 4089; x_wconf 93' lang='lat' dir='ltr'>non</span> <span class='ocrx_word' id='word_1_255' title='bbox 882 4027 1070 4090; x_wconf 89' lang='lat' dir='ltr'>verberavit.</span> 
     </span>
    </p>

    <p class='ocr_par' dir='ltr' id='par_1_18' title="bbox 241 4130 1504 4320">
     <span class='ocr_line' id='line_1_34' title="bbox 347 4130 1504 4214; baseline 0.001 -22"><span class='ocrx_word' id='word_1_256' title='bbox 347 4131 425 4193; x_wconf 92' lang='lat' dir='ltr'>Item</span> <span class='ocrx_word' id='word_1_257' title='bbox 449 4131 546 4193; x_wconf 87' lang='lat' dir='ltr'>luana</span> <span class='ocrx_word' id='word_1_258' title='bbox 561 4132 652 4213; x_wconf 84' lang='lat' dir='ltr'>nigra</span> <span class='ocrx_word' id='word_1_259' title='bbox 669 4146 777 4195; x_wconf 84' lang='lat' dir='ltr'>contra</span> <span class='ocrx_word' id='word_1_260' title='bbox 797 4133 1031 4214; x_wconf 83' lang='lat' dir='ltr'>Margaretham</span> <span class='ocrx_word' id='word_1_261' title='bbox 1056 4145 1170 4195; x_wconf 89' lang='lat' dir='ltr'>octavo</span> <span class='ocrx_word' id='word_1_262' title='bbox 1185 4131 1334 4194; x_wconf 85' lang='lat' dir='ltr'>slmiliter</span> <span class='ocrx_word' id='word_1_263' title='bbox 1357 4150 1390 4193; x_wconf 87' lang='lat' dir='ltr'>se</span> <span class='ocrx_word' id='word_1_264' title='bbox 1407 4130 1504 4193; x_wconf 89' lang='lat' dir='ltr'>tercia</span> 
     </span>
     <span class='ocr_line' id='line_1_35' title="bbox 241 4236 882 4320; baseline 0.006 -22"><span class='ocrx_word' id='word_1_265' title='bbox 241 4237 358 4317; x_wconf 88' lang='lat' dir='ltr'>jurabit</span> <span class='ocrx_word' id='word_1_266' title='bbox 381 4236 469 4318; x_wconf 93' lang='lat' dir='ltr'>quod</span> <span class='ocrx_word' id='word_1_267' title='bbox 495 4256 565 4298; x_wconf 92' lang='lat' dir='ltr'>eam</span> <span class='ocrx_word' id='word_1_268' title='bbox 590 4257 655 4299; x_wconf 92' lang='lat' dir='ltr'>non</span> <span class='ocrx_word' id='word_1_269' title='bbox 680 4238 882 4320; x_wconf 87' lang='lat' dir='ltr'>vituperavit.</span> 
     </span>
    </p>

    <p class='ocr_par' dir='ltr' id='par_1_19' title="bbox 242 4343 1503 4637">
     <span class='ocr_line' id='line_1_36' title="bbox 346 4343 1502 4428; baseline 0.001 -24"><span class='ocrx_word' id='word_1_270' title='bbox 346 4343 424 4404; x_wconf 88' lang='lat' dir='ltr'>Item</span> <span class='ocrx_word' id='word_1_271' title='bbox 449 4362 542 4405; x_wconf 85' lang='lat' dir='ltr'>causa</span> <span class='ocrx_word' id='word_1_272' title='bbox 565 4343 722 4405; x_wconf 87' lang='lat' dir='ltr'>Anthonii</span> <span class='ocrx_word' id='word_1_273' title='bbox 747 4344 893 4424; x_wconf 88' lang='lat' dir='ltr'>Vidonis,</span> <span class='ocrx_word' id='word_1_274' title='bbox 915 4345 1043 4408; x_wconf 80' lang='lat' dir='ltr'>MartIni</span> <span class='ocrx_word' id='word_1_275' title='bbox 1067 4358 1099 4406; x_wconf 89' lang='lat' dir='ltr'>et</span> <span class='ocrx_word' id='word_1_276' title='bbox 1123 4344 1274 4428; x_wconf 85' lang='lat' dir='ltr'>Symonis</span> <span class='ocrx_word' id='word_1_277' title='bbox 1297 4344 1338 4405; x_wconf 84' lang='lat' dir='ltr'>ad</span> <span class='ocrx_word' id='word_1_278' title='bbox 1362 4343 1502 4426; x_wconf 92' lang='lat' dir='ltr'>primurn</span> 
     </span>
     <span class='ocr_line' id='line_1_37' title="bbox 242 4448 1503 4532; baseline 0.002 -23"><span class='ocrx_word' id='word_1_279' title='bbox 242 4449 398 4510; x_wconf 92' lang='lat' dir='ltr'>iudicium</span> <span class='ocrx_word' id='word_1_280' title='bbox 422 4449 700 4511; x_wconf 89' lang='lat' dir='ltr'>convalescentem</span> <span class='ocrx_word' id='word_1_281' title='bbox 724 4450 867 4512; x_wconf 85' lang='lat' dir='ltr'>eiusdem</span> <span class='ocrx_word' id='word_1_282' title='bbox 885 4452 1026 4530; x_wconf 89' lang='lat' dir='ltr'>Martini,</span> <span class='ocrx_word' id='word_1_283' title='bbox 1051 4450 1274 4514; x_wconf 89' lang='lat' dir='ltr'>notificacione</span> <span class='ocrx_word' id='word_1_284' title='bbox 1298 4450 1441 4532; x_wconf 89' lang='lat' dir='ltr'>partibus</span> <span class='ocrx_word' id='word_1_285' title='bbox 1457 4448 1503 4511; x_wconf 88' lang='lat' dir='ltr'>la·</span> 
     </span>
     <span class='ocr_line' id='line_1_38' title="bbox 242 4556 641 4637; baseline 0 -19"><span class='ocrx_word' id='word_1_286' title='bbox 242 4556 366 4635; x_wconf 90' lang='lat' dir='ltr'>cienda,</span> <span class='ocrx_word' id='word_1_287' title='bbox 391 4569 437 4618; x_wconf 86' lang='lat' dir='ltr'>est</span> <span class='ocrx_word' id='word_1_288' title='bbox 461 4571 641 4637; x_wconf 84' lang='lat' dir='ltr'>prorogata.</span> 
     </span>
    </p>

    <p class='ocr_par' dir='ltr' id='par_1_20' title="bbox 240 4661 1503 4851">
     <span class='ocr_line' id='line_1_39' title="bbox 342 4661 1503 4746; baseline 0 -21"><span class='ocrx_word' id='word_1_289' title='bbox 342 4663 424 4725; x_wconf 89' lang='lat' dir='ltr'>Item</span> <span class='ocrx_word' id='word_1_290' title='bbox 448 4662 594 4726; x_wconf 86' lang='lat' dir='ltr'>Thomas</span> <span class='ocrx_word' id='word_1_291' title='bbox 618 4661 778 4746; x_wconf 80' lang='lat' dir='ltr'>Giurgini,</span> <span class='ocrx_word' id='word_1_292' title='bbox 794 4665 861 4726; x_wconf 90' lang='lat' dir='ltr'>luri</span> <span class='ocrx_word' id='word_1_293' title='bbox 878 4665 964 4729; x_wconf 86' lang='lat' dir='ltr'>Zitar</span> <span class='ocrx_word' id='word_1_294' title='bbox 978 4679 1011 4727; x_wconf 82' lang='lat' dir='ltr'>et</span> <span class='ocrx_word' id='word_1_295' title='bbox 1028 4665 1150 4746; x_wconf 85' lang='lat' dir='ltr'>Mykou</span> <span class='ocrx_word' id='word_1_296' title='bbox 1165 4662 1271 4746; x_wconf 91' lang='lat' dir='ltr'>primo</span> <span class='ocrx_word' id='word_1_297' title='bbox 1291 4663 1376 4725; x_wconf 89' lang='lat' dir='ltr'>citati</span> <span class='ocrx_word' id='word_1_298' title='bbox 1392 4674 1503 4725; x_wconf 88' lang='lat' dir='ltr'>contra</span> 
     </span>
     <span class='ocr_line' id='line_1_40' title="bbox 240 4767 791 4851; baseline 0.005 -22"><span class='ocrx_word' id='word_1_299' title='bbox 240 4767 420 4831; x_wconf 84' lang='lat' dir='ltr'>Iohannem</span> <span class='ocrx_word' id='word_1_300' title='bbox 443 4788 510 4831; x_wconf 91' lang='lat' dir='ltr'>non</span> <span class='ocrx_word' id='word_1_301' title='bbox 533 4783 791 4851; x_wconf 89' lang='lat' dir='ltr'>comparuerunt.</span> 
     </span>
    </p>
   </div>
   <div class='ocr_carea' id='block_1_5' title="bbox 0 0 1748 5250">
    <p class='ocr_par' dir='ltr' id='par_1_21' title="bbox 0 0 1748 5250">
     <span class='ocr_line' id='line_1_41' title="bbox 0 0 1748 5250; baseline 0 2"><span class='ocrx_word' id='word_1_302' title='bbox 0 0 1748 5250; x_wconf 95' lang='lat' dir='ltr'> </span> 
     </span>
    </p>
   </div>
  </div>
 </body>
</html>
