3488 5250
629 351 717 410 Anno
739 347 830 427 1363.
855 383 898 392 -
920 345 974 409 28.
998 349 1114 425 aprilis.
1450 349 1510 428 265

356 558 434 620 Item
458 578 551 620 causa
571 557 704 640 Georgii
721 573 752 621 et
768 560 865 621 Blasii
883 560 1012 621 sartoris
1028 574 1074 622 est
1098 559 1137 621 ad
1156 573 1229 622 octo
1246 560 1315 622 dies
1338 560 1379 621 ad
1402 579 1514 642 pacem

247 678 430 747 prorogata.
1197 678 1201 685 ·
1383 742 1387 749 ι

355 770 432 831 Item
458 770 535 832 iuan
560 770 742 851 Vgrincich‚
767 771 957 833 Dominicus
985 785 1016 833 et
1039 771 1084 833 St.
1109 785 1223 833 octavo
1248 771 1299 832 die
1324 784 1434 832 contra
1457 769 1514 831 do·

248 875 375 937 minum
400 875 506 939 Deseu
525 875 736 955 sacerdotem,
753 895 865 938 eorum
891 877 1027 958 quilibet
1042 896 1076 938 se
1099 876 1230 957 quintus
1247 894 1342 957 super
1359 894 1408 953 eo,
1425 875 1514 956 quod

249 980 362 1042 silvam
395 1001 486 1042 suam
517 1001 574 1064 per
605 1001 639 1044 se
663 1002 722 1043 nec
752 1001 827 1044 suos
858 983 1011 1044 subulcos
1046 1002 1249 1045 concremare
1282 1000 1347 1043 non
1380 980 1516 1065 fecisset,

251 1103 485 1149 sacramentum
510 1101 651 1170 prestare
676 1086 849 1150 debebunt.

359 1194 437 1255 Item
462 1194 577 1256 eodem
595 1193 648 1255 die
665 1207 779 1256 octavo
797 1194 919 1277 Mykou
943 1206 1053 1255 contra
1071 1194 1174 1276 ipsum
1196 1192 1302 1253 Deseu
1318 1191 1515 1253 sacerdotem

251 1319 285 1361 se
309 1313 415 1361 sextus
438 1299 566 1379 jurabit,
590 1299 679 1381 quod
695 1319 754 1382 pro
778 1299 913 1382 propina
935 1300 1002 1361 viui
1025 1301 1074 1361 sui
1100 1300 1131 1361 in
1152 1299 1243 1360 nullo
1268 1298 1328 1359 sibi
1344 1309 1516 1359 teneretur.

358 1406 436 1467 Item
461 1420 575 1468 octavo
601 1406 654 1468 dIe
671 1406 747 1467 Iuan
766 1403 906 1467 carnifex
933 1418 1042 1468 contra
1058 1404 1160 1466 filium
1179 1402 1320 1466 Blanche
1337 1422 1369 1463 se
1386 1415 1516 1484 quartus

250 1510 376 1592 jurabit,
400 1511 488 1593 quod
513 1531 572 1573 nec
597 1512 702 1594 ipsum
727 1531 787 1574 nec
812 1526 946 1573 matrem
970 1531 1061 1573 suam
1085 1512 1303 1594 vituperasset.

198 1761 204 1770 ‚
291 1708 389 1784 Feria
416 1715 524 1784 tercia
552 1714 708 1802 proxima
737 1721 814 1784 ante
853 1713 976 1784 festum
1005 1715 1113 1785 sancti
1143 1712 1275 1802 Georgii
1305 1714 1471 1784 martiris.

770 1862 834 1941 (18.
859 1867 985 1940 aprilis).

357 2004 466 2068 Primo
490 2025 584 2067 causa
602 2005 732 2068 Kokoth
750 2020 859 2067 contra
877 2004 1015 2067 Paulum
1032 2004 1072 2066 ad
1095 2018 1169 2068 octo
1193 2005 1261 2066 dies
1284 2017 1331 2066 est
1347 2003 1387 2065 ad
1404 2022 1517 2084 pacem

253 2124 436 2192 prorogata.

358 2218 435 2279 Item
461 2217 587 2299 Sugech
612 2219 725 2281 citatus
742 2233 851 2281 contra
877 2219 1047 2282 Nicolaum
1065 2218 1262 2281 Kuroredica
1286 2219 1326 2281 sd
1351 2233 1425 2280 octo
1449 2218 1518 2281 dies

254 2323 373 2403 recepit
394 2325 569 2386 terminum
594 2325 634 2386 ad
658 2325 930 2407 respondendum.

363 2429 440 2491 Item
459 2430 491 2491 In
515 2431 635 2492 octavis
657 2429 735 2492 ferie
759 2445 845 2493 sexte
870 2446 1002 2492 venture
1020 2432 1094 2492 Kun
1120 2443 1230 2493 contra
1254 2431 1456 2513 Merclynum
1472 2443 1518 2493 te·

253 2548 346 2596 netur
370 2535 576 2616 respondere.

360 2641 438 2703 Item
456 2642 487 2703 in
510 2642 630 2704 octavis
646 2642 797 2724 predictis
812 2642 957 2704 Andreas
973 2642 1094 2724 juratus
1110 2658 1219 2705 contra
1236 2644 1410 2704 Martinam
1435 2643 1520 2726 Fyn·

256 2745 390 2808 cheuich
414 2746 621 2829 respondebit

360 2853 438 2915 Item
462 2852 540 2915 feria
566 2867 651 2916 sexta
685 2873 769 2915 nunc
801 2869 935 2916 ventura
960 2855 1106 2916 Thomas
1137 2854 1176 2915 de
1210 2853 1385 2937 Oporouch
1411 2867 1520 2916 contra

254 2962 382 3019 Annam
408 2977 464 3040 per
488 2959 585 3041 Myke
610 2974 641 3020 et
666 2958 875 3021 Gerdizlsum
907 2960 1128 3021 testimonium
1160 2980 1256 3042 super
1279 2980 1318 3022 eo
1342 2960 1520 3041 producere

255 3063 360 3142 debet,
384 3065 471 3145 quod
496 3065 640 3127 servitrix
665 3065 766 3148 ipsIus
789 3065 854 3127 sive
884 3067 1078 3128 mercenaria
1101 3066 1150 3127 sit.

360 3168 438 3232 Item
464 3170 534 3232 Elia
560 3185 669 3232 contra
694 3171 832 3234 Jancech
856 3172 961 3253 primo
993 3172 1106 3233 citatus
1131 3189 1196 3232 non
1221 3171 1409 3252 comparuit.

362 3276 440 3336 Item
465 3275 542 3337 feria
566 3290 653 3340 sexta
684 3281 779 3338 Anna
810 3291 919 3338 contra
953 3275 1054 3337 lsoIch
1086 3296 1118 3338 se
1147 3289 1258 3356 quarta
1292 3276 1408 3338 iursbit
1431 3277 1519 3358 quod

257 3399 327 3442 eam
351 3399 418 3442 non
442 3384 622 3444 verberavit
646 3402 704 3444 nec
729 3383 915 3447 cruentavit.

361 3487 438 3550 Item
465 3488 573 3550 relicta
592 3488 743 3570 Horgoce
760 3504 869 3550 contra
896 3489 1066 3551 dominum
1084 3488 1268 3550 Emericum
1291 3487 1518 3550 subcustodem

255 3593 360 3674 primo
385 3594 477 3655 citata
502 3614 567 3656 non
592 3595 781 3676 comparuit.

361 3700 440 3762 Item
473 3699 635 3762 Iohannes
669 3698 759 3762 faber
793 3716 903 3763 contra
936 3701 1136 3782 Merclynum
1168 3700 1273 3780 primo
1305 3698 1418 3759 citatus
1453 3719 1518 3761 non

257 3806 447 3886 comparuit.

257 4004 352 4089 Nota,
380 3974 465 4077 feria
494 4015 592 4078 sexta
620 4010 775 4096 proximo
807 4018 883 4096 post
919 4008 1041 4078 festum
1069 4009 1159 4078 beati
1193 4007 1325 4095 Georgii
1354 4010 1519 4080 martiris.

778 4156 843 4236 (28.
865 4157 998 4240 suptilis).

365 4298 473 4358 Primo
489 4312 585 4359 testes
602 4318 658 4379 per
674 4299 813 4379 judicem
831 4314 941 4361 contra
958 4299 1087 4360 Petrum
1105 4299 1200 4359 Zolar
1216 4299 1374 4380 producti,
1392 4318 1520 4360 causam

260 4424 322 4486 que
347 4404 556 4485 interipsum
581 4404 721 4486 judicem
745 4421 777 4468 et
807 4405 928 4467 dictum
957 4406 1086 4467 Petrum
1111 4407 1253 4484 vertitur,
1285 4406 1450 4487 pecierunt
1480 4406 1519 4467 ad

259 4524 331 4572 octo
357 4510 425 4572 dies
448 4511 624 4592 prorogari

365 4615 444 4677 Item
457 4630 571 4678 octavo
585 4616 637 4678 dIe
650 4616 802 4678 domiuus
814 4615 909 4697 judex
923 4608 1032 4679 contra
1046 4616 1146 4678 filium
1163 4616 1292 4700 Mathey
1304 4616 1521 4698 respondebit.

366 4721 444 4783 Item
468 4734 582 4783 octavo
607 4721 659 4784 die
684 4723 790 4785 Jamer
805 4741 837 4783 se
859 4722 1018 4784 secundus
1034 4737 1143 4784 contra
1167 4721 1302 4805 Paulum
1327 4719 1520 4783 frenatorem

163 4827 166 4841 '
260 4827 388 4909 jurabit,
413 4827 502 4910 quod
525 4847 581 4912 per
607 4847 681 4890 eum
705 4826 800 4890 fuerit
824 4841 1016 4890 cruentatus.
