3488 5250
615 320 816 401 Anno1363.
841 357 882 367 —
907 322 957 385 16.
981 324 1064 387 maii.
1420 345 1482 407 273

324 532 402 594 Item
427 544 542 594 octavo
566 531 618 594 die
642 531 756 594 Petrus
786 530 927 594 frenator
958 546 1068 595 contra
1093 532 1138 596 St.
1170 553 1228 616 per
1251 536 1359 619 Matey
1383 556 1485 598 unum

219 651 250 699 et
273 637 374 699 alium
397 637 621 700 testimonium
645 637 810 720 producet.

325 759 404 822 Item
429 760 592 823 lohannes
614 773 716 822 sartor
739 775 849 824 contra
874 761 1038 824 Andream
1063 765 1189 826 fabrum
1212 764 1355 827 secundo
1372 765 1485 827 citatus

142 905 144 914 ,
220 884 284 927 non
314 865 504 948 comparuit.

324 971 404 1034 Item
420 970 498 1033 feria
523 986 610 1035 sexta
626 985 759 1037 ventura
777 974 930 1037 Clemens
947 975 1105 1038 Ioculator
1122 989 1231 1038 contra
1248 975 1348 1036 alium
1365 975 1485 1056 iocula-

219 1091 324 1140 torem
347 1097 404 1160 per
436 1077 629 1160 Dyonisium
665 1093 695 1142 et
729 1080 894 1142 Andream
929 1081 1150 1144 testimonium
1182 1080 1359 1163 producere
1391 1081 1486 1143 debet

219 1202 316 1266 super
339 1202 389 1261 eo,
414 1202 478 1266 que
502 1184 553 1246 vel
576 1185 682 1265 qualis
703 1185 852 1248 condicio
873 1183 970 1248 fuerit
993 1187 1075 1248 iuter
1098 1206 1154 1248 eos
1176 1187 1210 1248 in
1233 1185 1441 1248 haustiludio.

325 1305 404 1367 Item
430 1305 568 1368 Michael
592 1305 677 1369 filius
708 1308 754 1372 St.
786 1307 901 1389 judicis
931 1309 1036 1391 primo
1068 1309 1182 1371 citatus
1212 1322 1322 1371 contra
1352 1308 1397 1371 St.
1421 1328 1485 1370 sar-

222 1424 325 1473 torem
350 1431 414 1474 uon
440 1413 629 1494 comparuit.

325 1517 404 1580 Item
429 1517 556 1580 Malech
579 1532 689 1581 contra
712 1519 877 1582 Thomam
901 1520 1006 1602 primo
1023 1520 1137 1583 citatus
1161 1540 1226 1583 non
1251 1521 1440 1601 comparuit.

326 1622 403 1685 Item
429 1624 526 1706 Myke
550 1638 639 1686 sutor
662 1638 772 1686 contra
789 1624 937 1708 Zdrauye
961 1626 1066 1707 prImo
1084 1627 1197 1688 citatus
1213 1645 1278 1687 non
1296 1627 1486 1709 comparuit.

327 1728 404 1791 Item
439 1728 639 1811 DampIsnus
673 1744 783 1793 contra
818 1728 921 1792 filium
957 1731 1103 1814 Krspech
1136 1732 1241 1814 primo
1272 1732 1386 1794 citatus
1419 1751 1485 1794 non

219 1835 409 1916 comparuit.

325 1938 404 2000 Item
428 1939 580 2002 dominus
607 1939 756 2024 Gerynus
787 1940 827 2002 de
852 1941 963 2022 Spinsl
995 1939 1166 2002 fideiubuit
1196 1941 1316 2002 Iacobo
1348 1941 1486 2023 puerulo

219 2044 288 2107 filio
313 2045 467 2128 Lukachy
491 2046 530 2107 de
554 2046 656 2108 tribus
679 2047 860 2129 pecoribus,
884 2046 1034 2109 videlicet
1060 2046 1099 2107 de
1125 2047 1208 2108 bove
1232 2065 1309 2125 uno,
1333 2064 1427 2108 vacca
1452 2060 1483 2109 et

223 2150 369 2231 juvenca,
385 2170 445 2233 pro
462 2151 598 2213 Nicolao
614 2151 786 2234 jobagIone
804 2153 947 2234 magistri
960 2151 1137 2236 Mychaelis
1152 2152 1299 2214 Endrioli
1316 2171 1485 2233 quousque

219 2256 305 2318 idem
330 2257 484 2338 puerulus
507 2257 547 2318 ad
571 2276 673 2319 annos
696 2257 845 2320 deveniet
875 2258 1093 2336 discrecionis,
1117 2257 1239 2319 scilicet
1261 2257 1350 2339 quod
1375 2257 1485 2320 medio

217 2373 363 2444 tempore
387 2381 502 2444 pecora
527 2362 595 2445 ipsa
619 2378 649 2425 et
673 2364 713 2425 sb
737 2363 782 2424 eis
804 2363 939 2425 creanda
963 2363 1138 2445 periclitari
1163 2382 1229 2425 non
1253 2362 1428 2425 debebunt.

324 2485 401 2547 Item
428 2484 588 2548 Henricus
611 2485 741 2568 pellifex
765 2506 821 2568 per
845 2485 922 2548 Iuan
947 2486 1087 2548 Plauech
1112 2485 1152 2548 sd
1175 2498 1249 2547 octo
1273 2485 1341 2546 dies
1364 2485 1485 2568 recepit

217 2590 391 2653 terminum
415 2604 525 2654 contra
548 2611 598 2652 ser
622 2592 793 2675 Marynum
818 2590 929 2675 Gorgy
953 2590 994 2654 ad
1018 2590 1291 2674 respondendum.

325 2696 403 2759 Item
429 2696 474 2760 St.
499 2694 584 2758 filius
608 2697 754 2760 Cernech
784 2696 889 2779 primo
921 2697 1034 2758 citatus
1066 2709 1176 2758 contra
1208 2695 1311 2758 filium
1344 2693 1485 2756 Prenerii

220 2819 284 2863 non
310 2802 500 2884 comparuit.

326 2906 406 2969 Item
423 2907 541 2969 Paulus
558 2906 660 2989 pictor
677 2921 786 2970 contra
805 2908 947 2970 Blasium
963 2909 1069 2991 primo
1086 2907 1200 2969 citatus
1211 2926 1277 2969 non
1294 2906 1484 2990 comparuit.

327 3013 405 3074 Item
430 3033 524 3075 causa
550 3014 718 3075 Mortonos
740 3013 898 3076 sellatoris
922 3027 953 3076 et
977 3014 1109 3077 Heurici
1134 3012 1280 3096 pellificis
1299 3013 1339 3075 ad
1357 3026 1486 3076 octavas

221 3115 298 3179 ferie
323 3133 408 3181 sexte
433 3118 543 3181 estad
567 3138 679 3200 pacem
704 3119 851 3183 deducta.

324 3242 404 3305 Item
428 3242 473 3305 St.
497 3243 706 3305 stacionarius
730 3257 841 3306 contra
859 3244 1032 3306 MartInum
1050 3245 1218 3328 Wlkouoy
1242 3244 1346 3326 prImo
1372 3243 1486 3304 citatus

219 3366 284 3409 non
310 3348 499 3430 comparuit.

324 3454 403 3515 Item
427 3453 460 3514 in
495 3453 667 3534 quiodenis
701 3454 788 3516 idem
811 3455 890 3516 Iuan
919 3453 1056 3517 Plauech
1082 3454 1164 3517 duos
1195 3453 1334 3516 florenos
1357 3466 1483 3515 tenetur

220 3559 347 3622 solvere
371 3579 421 3621 ser
445 3561 571 3622 MarIno
589 3559 709 3643 Georgi
725 3561 785 3622 sub
809 3580 892 3642 pena
914 3561 946 3623 in
963 3561 1076 3622 litteris
1100 3560 1339 3622 communitatis
1356 3559 1485 3622 inserta.

325 3665 404 3728 Item
436 3665 542 3727 Draxe
573 3665 678 3747 primo
714 3679 745 3727 et
776 3666 943 3728 Mortonos
974 3666 1104 3729 sellator
1127 3666 1269 3728 secundo
1300 3665 1386 3727 citati
1418 3683 1484 3727 non

219 3785 468 3853 comparuerunt
491 3784 602 3833 contra
625 3789 675 3834 set
698 3771 869 3854 Marynum
895 3771 1028 3854 Georgi.

324 3893 402 3955 Item
427 3913 521 3956 causa
544 3893 659 3974 judicis
682 3909 793 3956 contra
816 3895 948 3957 Petrum
972 3894 1084 3958 Touth
1101 3895 1133 3956 in
1161 3893 1245 3956 facto
1269 3895 1486 3976 percussionis

219 3999 354 4082 pastoris
376 4019 549 4082 porcorum
572 4019 703 4063 suorum
722 4015 820 4080 mota,
844 4015 890 4063 est
907 4001 1043 4080 decreta,
1061 4000 1227 4063 videlicet:
1245 3999 1333 4082 quod
1353 4001 1380 4061 si
1397 4000 1483 4061 idem

218 4102 314 4184 judex
339 4105 370 4165 iu
396 4105 516 4167 octavis
543 4106 621 4168 ferie
652 4121 738 4168 sexte
769 4121 902 4169 venture
935 4107 1056 4169 dIctum
1091 4122 1251 4189 pastorem
1275 4106 1421 4168 invenire
1452 4119 1484 4167 et

218 4223 356 4273 statuere
380 4211 509 4292 poterit,
532 4213 614 4274 bene
638 4211 782 4294 quidem,
805 4212 886 4274 alias
909 4211 963 4275 fiet
993 4214 1053 4274 sibi
1078 4213 1202 4275 iustIcia
1225 4232 1263 4274 ex
1286 4225 1375 4294 parte
1400 4211 1483 4273 Petri

219 4317 374 4377 annotati.

326 4420 403 4482 Item
428 4421 461 4483 in
485 4423 606 4484 octavis
622 4421 700 4484 ferie
725 4437 811 4486 sexte
835 4438 968 4487 venture
985 4423 1050 4486 iilia
1075 4425 1220 4487 Absurch
1244 4439 1353 4487 contra
1379 4423 1485 4486 Eliam

219 4525 347 4589 fratrem
372 4547 465 4589 suum
491 4528 708 4611 respondebit.

323 4652 403 4715 Item
421 4651 640 4715 Feteltouicha
663 4671 854 4735 arcuparum
871 4653 904 4715 in
922 4673 1014 4716 causa
1038 4673 1095 4715 sua
1114 4653 1253 4717 reddidit
1276 4653 1484 4716 innocentem

218 4771 250 4820 et
274 4759 451 4822 Inmunem.

1372 4847 1411 4910 18
