3488 5250
239 347 299 410 ²72
643 326 843 405 Ann01363.
869 362 909 372 —
935 325 984 388 16.
1008 331 1088 387 maii.

342 540 421 601 Item
447 539 628 602 Demetrius
652 552 761 600 contra
786 539 832 600 St.
855 539 962 621 primo
992 539 1105 600 citatus
1130 558 1206 619 non⁴
1224 540 1413 621 comparuit.

344 645 421 706 Item
445 645 470 706 si
502 644 632 706 domIna
665 643 786 705 Cecilia
818 663 909 705 soror
942 644 1077 705 Marketi
1103 643 1293 726 porcionem
1323 642 1415 705 fundi
1447 664 1504 706 seu

237 751 353 813 domus
377 764 501 812 murare
525 750 690 832 quondam
714 769 771 831 per
794 750 900 833 ipsum
919 749 1100 812 Marketum
1126 749 1315 811 Sebastiano
1339 746 1501 830 aurifabro

237 875 295 939 pro
320 857 375 917 LV
391 855 521 918 florenis
546 856 782 936 inpignoratam
800 853 881 916 infra
899 855 1034 916 tercium
1050 854 1136 916 diem
1154 845 1298 936 proxime
1315 869 1503 938 sequentem

237 964 277 1024 ab
303 962 372 1044 ipso
398 960 586 1023 Sebastiano
609 960 757 1040 redimet,
780 961 862 1021 bene
895 960 1039 1042 quidem,
1061 961 1140 1022 alias
1164 960 1281 1042 elapsis
1303 960 1379 1041 ipsis
1401 960 1504 1022 tribus

237 1067 362 1146 diebus,
387 1066 536 1127 videlicet
559 1063 637 1126 feria
660 1065 800 1127 secunda
825 1086 910 1128 nunc
933 1079 1078 1144 ventura,
1103 1065 1171 1147 ipsa
1195 1065 1306 1147 porcio
1330 1063 1421 1126 fundi
1445 1083 1502 1125 seu
1605 1055 1608 1058 ⁴

237 1173 353 1258 domus
384 1186 508 1233 murate
539 1184 693 1233 statuetur
724 1171 784 1254 ipsi
817 1172 1006 1234 Sebastiano
1038 1184 1069 1232 et
1100 1169 1340 1233 confirmabitur
1370 1165 1502 1254 proprio

237 1277 448 1361 possidenda;
472 1277 590 1358 jurabit
611 1291 718 1338 tamen
742 1291 886 1358 tempore
903 1276 1139 1360 redempcionis
1160 1276 1229 1357 ipsa
1252 1275 1396 1354 domina,
1413 1274 1501 1356 quod

238 1403 310 1445 cum
327 1383 456 1465 propria
473 1383 608 1465 pecunia
633 1395 664 1444 et
679 1402 738 1464 pro
754 1403 787 1443 se
804 1384 872 1465 ipsa
892 1396 923 1445 et
938 1402 1004 1444 non
1022 1401 1080 1465 pro
1097 1400 1262 1464 quoquam
1286 1381 1350 1442 alio
1367 1381 1502 1442 domum

238 1489 394 1551 redimere
417 1488 594 1571 predictam
618 1487 781 1550 niteretur.

342 1595 421 1656 Item
446 1598 541 1655 Anna
565 1607 674 1655 contra
692 1579 796 1655 E'Iiam
820 1592 951 1655 fratrem
975 1613 1069 1654 suum
1085 1593 1191 1675 prirno
1215 1593 1308 1654 citata
1332 1611 1397 1654 non
1415 1611 1502 1654 com-

237 1699 352 1783 paruit.

343 1806 421 1867 Item
446 1805 542 1888 Myke
559 1819 648 1874 sutor
672 1821 782 1868 contra
799 1806 980 1868 Iohannem
996 1819 1150 1866 sartorem
1173 1803 1279 1885 prImo
1298 1804 1411 1865 citatus
1433 1822 1500 1865 non

238 1911 429 1994 comparuit.

344 2018 422 2079 Item
449 2016 595 2079 Thomas
619 2017 761 2097 literatus
784 2016 890 2098 primo
922 2016 1035 2077 citatus
1066 2027 1176 2077 contra
1201 2013 1412 2076 Benedictum
1436 2033 1502 2075 non

238 2124 429 2206 comparuit.
566 2189 570 2200 .

345 2229 423 2290 Item
448 2228 556 2288 Petres
580 2227 700 2308 juratus
722 2241 832 2287 contra
856 2226 944 2306 Span
969 2241 999 2287 et
1023 2227 1090 2287 luri
1118 2239 1232 2288 octavo
1257 2225 1309 2286 die
1333 2223 1504 2306 assumpsit

238 2334 444 2426 respondere.

344 2440 423 2500 Item
447 2438 647 2519 Dampianus
669 2456 728 2518 pro
753 2435 847 2496 Petro
872 2437 1035 2498 sacerdote
1060 2450 1169 2498 contra
1194 2436 1336 2498 relictam
1361 2433 1502 2496 Giolinia

238 2547 278 2608 ad
303 2559 376 2607 octo
403 2546 470 2606 dies
494 2544 613 2624 recepit
635 2542 809 2604 termInum
834 2542 874 2603 ad
897 2543 1169 2626 respondendum.

345 2652 424 2711 Item
449 2651 481 2710 in
507 2648 680 2730 quindenis
706 2648 854 2709 Marenus
879 2662 988 2710 contra
1020 2649 1191 2710 Nicolaum
1224 2647 1362 2728 judicem
1386 2645 1504 2727 jurabit

238 2776 409 2839 supereo,
434 2755 522 2836 quod
553 2753 715 2834 quendam
747 2751 906 2815 famulum
935 2755 975 2816 ad
1008 2754 1163 2816 iusticiam
1189 2766 1325 2816 statuere
1357 2772 1422 2813 non
1454 2772 1502 2813 as-

237 2863 435 2944 sumpsisset,
459 2858 540 2921 infra
557 2878 637 2940 quas
659 2857 836 2939 quindenas
861 2874 892 2920 et
916 2880 1009 2921 causa
1026 2861 1124 2941 ipsius
1142 2860 1252 2922 Mareu
1269 2874 1379 2921 contra
1395 2859 1502 2940 ipsum

238 2968 412 3030 Nicolaum
436 2966 576 3044 judicem
601 2979 647 3026 est
671 2975 849 3046 prorogata.

344 3074 423 3134 Item
454 3090 556 3151 usque
589 3071 767 3150 quindenas
792 3071 930 3133 Bediclia
961 3072 1042 3133 duos
1065 3069 1205 3133 florenos
1227 3085 1353 3133 tenetur
1376 3070 1501 3132 solvere

240 3179 347 3240 Petres
374 3174 521 3237 carnifici.
550 3245 551 3250 η

345 3283 423 3342 Item
448 3300 541 3341 causa
566 3281 666 3360 ipsius
683 3281 789 3342 Petres
813 3295 922 3342 contra
939 3280 1042 3342 filium
1067 3282 1198 3343 Henrici
1216 3297 1262 3343 est
1277 3281 1317 3343 ad
1341 3295 1414 3343 octo
1432 3280 1501 3342 dies

239 3388 278 3448 ad
306 3406 418 3468 pacem
442 3400 621 3467 prorogata.

345 3491 422 3552 Item
449 3491 560 3551 Touth
585 3491 695 3551 Petrus
717 3490 859 3553 secundo
883 3493 996 3554 citatus
1020 3506 1128 3553 contra
1152 3491 1292 3572 judicem
1323 3511 1389 3553 non
1413 3510 1501 3575 com7

239 3612 354 3680 paruit.

339 3833 433 3919 Nota,
463 3835 569 3904 tercia
598 3833 683 3904 Ieria
711 3834 866 3923 prorrIma
895 3842 973 3903 ante
1010 3833 1131 3903 festum
1160 3832 1407 3905 Penthecostes.

783 3983 846 4061 (16.
871 3986 964 4060 anari).

347 4123 455 4183 Primo
480 4123 697 4205 prinpraliter
720 4138 834 4185 octavo
859 4123 911 4184 dle
936 4122 1081 4184 Thomas
1113 4123 1198 4184 filius
1220 4121 1296 4185 Iuan
1320 4137 1428 4184 contra
1451 4121 1503 4203 jo-.

243 4227 414 4307 bagionem
439 4229 566 4290 Andree
591 4229 647 4291 filii
673 4229 785 4290 Pulani
803 4248 858 4310 per
883 4227 1071 4310 Georgium,
1090 4230 1217 4290 Kukam
1241 4244 1272 4291 et
1296 4228 1502 4291 Cussilonem

242 4351 336 4413 super
360 4333 523 4414 vituperiis
549 4348 579 4395 et
603 4354 697 4415 super
721 4334 977 4394 comminatione
1002 4335 1112 4395 mortis
1140 4335 1359 4395 testImonium
1384 4333 1503 4416 produ·

243 4456 312 4497 cere
337 4437 441 4499 debet.

348 4542 506 4605 Econtra
540 4563 616 4604 vero
649 4544 734 4605 idem
765 4543 910 4605 Andreas
942 4563 997 4624 per
1028 4563 1161 4605 uxorem
1193 4545 1275 4606 Petri
1305 4558 1336 4607 et
1360 4545 1504 4606 Blasium

242 4642 357 4706 eodem
382 4646 433 4708 die
458 4662 566 4709 contra
585 4649 688 4729 ipsum
707 4647 871 4708 Thomam
888 4668 983 4729 super
1007 4667 1057 4726 e0‚
1081 4648 1169 4729 quod
1193 4649 1315 4730 aposita
1340 4668 1438 4711 manu
1462 4647 1504 4710 ad

244 4747 394 4811 bicellum
405 4750 445 4812 ad
454 4766 579 4833 portam
596 4771 686 4813 suam
696 4751 888 4829 accedendo,
898 4752 1046 4813 homines
1054 4772 1129 4815 suos
1141 4754 1501 4837 turpitervituperatset.
