3488 5250
627 323 824 400 Ann01355.
848 358 891 366 —
914 320 968 385 26.
984 323 1080 400 junii.

338 533 414 594 Item
441 532 526 594 idem
550 531 689 594 Bartuch
722 531 817 594 debet
848 534 1068 596 testimonium
1102 535 1278 617 producere
1313 555 1387 597 cum
1412 535 1493 597 Her-

233 640 351 700 manko
375 650 407 700 et
429 637 579 721 Philippo
604 658 699 720 super
723 636 806 700 lacto
831 640 982 702 maccelle
1006 659 1073 702 sue.

338 743 416 805 Item
441 742 580 806 Bedicha
604 744 710 826 primo
726 743 847 825 judicio
864 745 959 807 debet
981 746 1158 828 producere
1181 746 1402 808 testimonium
1419 765 1493 808 cum

235 849 349 929 Iwech,
372 850 530 914 Michaele
554 865 585 912 et
608 850 748 912 Munech
772 865 881 913 contra
911 852 945 914 P.
970 850 1126 935 Machych
1151 871 1246 933 super
1270 850 1295 914 Il
1318 872 1433 935 pensas
1464 865 1496 915 et

233 976 334 1018 unum
358 969 389 1018 et
412 956 556 1017 medium
580 955 749 1018 florenum.

339 1063 417 1124 Item
435 1061 474 1124 ad
491 1062 684 1145 peticionem
710 1063 856 1125 paladini
884 1064 1103 1126 testimonium
1122 1064 1211 1125 Pauli
1229 1075 1339 1126 contra
1356 1062 1493 1143 Mikech,

232 1168 336 1231 filium
360 1168 541 1247 Lewnardi‚
566 1187 667 1250 usque
689 1168 828 1252 prImum
853 1168 1009 1250 judicium
1032 1183 1079 1231 est
1102 1183 1320 1252 prorogatum.

337 1273 415 1337 Item
440 1294 533 1336 causa
558 1275 653 1354 lanan,
676 1275 734 1336 filii
752 1275 923 1358 Dragozlai
947 1288 978 1337 et
1005 1275 1096 1336 Pauli
1114 1294 1215 1357 usque
1232 1275 1318 1337 diem
1344 1288 1493 1337 octavum

233 1379 273 1442 ad
298 1400 409 1463 pacem
434 1393 481 1442 est
503 1393 685 1464 prorogata.

339 1486 417 1549 Item
449 1486 627 1548 Iursinicha
658 1498 768 1548 contra
799 1487 942 1549 relictam
979 1487 1130 1549 Bratheni
1168 1487 1274 1570 primo
1304 1486 1398 1549 citata
1428 1506 1495 1549 non

235 1593 424 1676 comparuit.

340 1699 418 1760 Item
442 1698 519 1760 Wel
544 1711 632 1761 sutor
655 1697 708 1761 die
732 1690 846 1761 octavo
870 1698 966 1760 debet
989 1698 1184 1782 respondere
1208 1711 1318 1760 contra
1343 1697 1496 1761 Gedruch

236 1805 415 1869 mulierem.

338 1911 416 1974 Item
441 1910 577 1972 Michael
601 1923 689 1973 sutor
714 1923 824 1973 contra
849 1910 895 1972 St.
919 1910 1062 1972 secundo
1080 1911 1193 1972 citatus
1215 1929 1281 1971 non
1305 1909 1496 1993 comparuit.

339 2017 417 2079 Item
450 2017 581 2080 domina
610 2036 690 2079 uxor
721 2016 912 2079 Lancboloti
947 2028 1056 2079 contra
1087 2017 1238 2079 Velinum
1270 2017 1374 2099 primo
1402 2016 1497 2079 citata

238 2142 303 2186 non
327 2123 516 2205 comparuit.

342 2227 443 2291 Nota!
468 2229 556 2311 quod
580 2227 659 2291 feria
681 2229 779 2291 tercia
803 2230 948 2313 proxima
972 2244 1045 2291 ante
1074 2229 1188 2292 festum
1214 2228 1387 2291 nativitatis
1411 2228 1496 2290 beati

236 2334 392 2397 Iohannis
424 2335 559 2417 baptiste
591 2336 656 2417 (23.
687 2317 780 2417 juniI)
809 2334 1028 2397 adiudicatum
1061 2347 1117 2414 est,
1149 2334 1238 2416 quod
1264 2334 1290 2395 si
1325 2334 1497 2412 Marketus‚

235 2439 320 2502 lilius
343 2439 551 2502 Constanchii
576 2439 739 2520 aurifabri,
763 2440 875 2503 decem
892 2461 1014 2503 marcas
1046 2440 1251 2502 denariorum
1276 2439 1383 2500 minus
1406 2438 1497 2500 XXX

237 2547 385 2609 denarios
409 2546 547 2609 Iohanni
579 2546 804 2609 archidiacono
836 2547 876 2609 de
904 2547 1029 2610 Vorosd
1054 2566 1119 2609 non
1151 2545 1349 2629 persolverit,
1381 2558 1496 2607 extunc

236 2652 370 2716 domino
400 2653 557 2736 Dyonisio
585 2653 811 2716 archidiacono
844 2654 936 2715 vinea
968 2654 1068 2737 ipsius
1099 2653 1233 2715 Marketi
1265 2653 1298 2714 in
1334 2652 1494 2714 territorio

235 2758 370 2821 civitatis
402 2760 434 2821 in
466 2759 628 2822 vicInitate
664 2758 802 2842 G(erini)
825 2759 1017 2822 balneatoris
1048 2760 1195 2838 existens,
1226 2778 1283 2841 per
1318 2756 1497 2840 predictum

236 2865 405 2928 dominum
442 2866 622 2928 Iohannem
659 2865 920 2928 archidiaconum
953 2865 1098 2944 vendita,
1128 2878 1285 2949 perpetuo
1319 2864 1496 2928 remanebit

235 2971 438 3054 possidenda,
462 2973 487 3033 si
513 2972 609 3034 vicini
633 2973 735 3055 ipsam
760 2973 886 3035 vineam
909 2973 1018 3057 precio
1039 2972 1201 3035 noluerint
1224 2990 1420 3054 comparare,
1443 2970 1495 3032 vel

235 3077 261 3138 si
285 3077 318 3139 in
344 3078 457 3140 maiori
481 3078 589 3161 precio
613 3078 710 3141 vendi
734 3099 800 3141 non
823 3080 940 3163 poterit
964 3098 1065 3161 usque
1095 3076 1268 3140 terminum
1292 3089 1496 3160 prenotatum

236 3183 385 3246 videlicet
408 3203 509 3266 usque
531 3185 711 3267 quindenas
733 3185 861 3248 termini
885 3185 1070 3268 supradicti·

368 3400 465 3476 Faria
493 3411 593 3477 sexta
620 3408 775 3494 proxima
802 3412 880 3495 post
907 3406 1029 3477 festum
1057 3406 1252 3478 nativitatis
1279 3404 1370 3475 beati
1425 3386 1427 3391 ’

684 3530 849 3619 Johannis
877 3531 1035 3618 baptiste.

773 3678 838 3759 (26.
853 3683 961 3758 junii).

342 3839 421 3900 Item
436 3836 621 3917 Gregorius,
637 3838 749 3900 Petrus
765 3851 796 3900 et
813 3838 978 3900 Sariachin
1002 3850 1111 3900 contra
1129 3836 1308 3899 Iohannem
1326 3836 1497 3920 lapicidam

238 3943 342 4026 primo
366 3944 452 4006 citati
474 3963 541 4006 non
565 3957 822 4027 comparuerunt.
847 3946 1017 4023 (Baletum).

344 4050 422 4112 Item
446 4048 558 4112 fratres
574 4050 792 4113 Predicatores
809 4050 1021 4113 exhibuerunt
1041 4051 1148 4113 literas
1165 4050 1372 4132 obligatorias
1389 4063 1498 4112 contra

239 4155 376 4235 Mikech‚
400 4154 503 4217 filium
520 4157 660 4235 Martini,
684 4176 779 4240 super
795 4156 905 4238 aliquo
930 4156 1050 4235 debito,
1067 4157 1184 4237 quibua
1204 4157 1376 4219 terminum
1402 4156 1498 4236 assig-

238 4262 386 4324 navimus
409 4282 529 4344 ponere
552 4262 714 4324 racionem
739 4261 826 4324 diem
850 4275 1010 4324 octavum.

343 4368 420 4430 Item
434 4367 609 4449 Gregorius
625 4381 656 4431 et
671 4369 783 4431 Petrus
804 4381 913 4431 contra
930 4369 1109 4431 Iohannem
1125 4369 1298 4451 lapicidam
1311 4368 1364 4431 die
1381 4381 1495 4433 octavo

239 4470 357 4534 debent
379 4473 582 4557 respondere.

345 4578 423 4640 Item
448 4579 576 4641 Kusech
592 4593 701 4642 contra
718 4579 968 4664 Endreykonem
985 4579 1037 4642 die
1051 4594 1164 4641 octavo
1181 4580 1277 4642 debet
1293 4580 1497 4662 respondere.

346 4685 425 4747 Item
437 4686 590 4748 Nicolaus
602 4687 702 4770 pistor
719 4700 828 4750 contra
841 4688 971 4750 Petrum
987 4686 1040 4749 die
1057 4700 1170 4748 octavo
1184 4686 1280 4749 debet
1291 4687 1496 4771 respondere.

346 4791 424 4853 Item
437 4792 546 4854 Petres
555 4791 695 4855 carnilex
704 4807 813 4855 contra
821 4792 984 4855 Thomam
994 4793 1099 4877 primo
1113 4793 1226 4855 citatus
1235 4813 1302 4854 non
1309 4793 1499 4875 comparuit.
