3488 5250
599 345 685 402 Anno
709 356 795 420 1355.
823 379 861 387 -
887 342 917 406 ό.
941 347 1110 405 novembris.
1442 368 1479 430 35

325 550 403 611 Item
427 552 538 614 Petrus
561 554 691 635 piliator
714 568 823 617 contra
841 553 916 617 Iuan
941 554 981 617 de
1005 557 1096 617 Nova
1120 556 1196 618 viIIa
1221 556 1363 639 Capituli
1380 558 1483 639 prima

220 655 375 718 citacione
401 677 465 720 non
490 661 679 742 comparuit.

326 761 404 825 Item
429 763 575 845 Mathias,
598 766 685 827 iuxta
710 767 908 849 Stephanum
929 766 1080 849 judicem,
1104 781 1214 830 contra
1238 767 1417 831 Iohannem
1443 768 1483 830 de

221 865 366 930 Gorimla
391 870 495 952 prima
519 871 674 935 citacione
700 893 764 936 non
790 874 979 956 comparuit.

325 975 403 1037 Item
434 977 580 1039 Andreas
611 977 700 1042 faber
730 992 840 1042 contra
868 982 907 1042 N.
940 981 1067 1043 Kordar
1097 982 1201 1063 prima
1231 982 1387 1045 citacione
1419 1003 1485 1046 non

220 1083 411 1172 comparuit

326 1189 404 1251 Item
429 1191 455 1253 J.
480 1192 603 1255 Zobota
628 1207 738 1256 contra
762 1195 801 1256 N.
824 1194 929 1276 prima
952 1194 1109 1257 citacione
1133 1214 1197 1256 non
1226 1194 1415 1277 comparuit.

325 1295 401 1357 Item
427 1298 565 1361 Jacobus
588 1300 726 1362 condam
750 1300 845 1382 judex
868 1300 965 1362 solvit
988 1300 1134 1362 debitum
1158 1320 1224 1382 quo
1246 1303 1416 1364 tenebatur
1441 1302 1484 1364 M.

223 1398 332 1480 judici,
357 1403 506 1466 videlicet
529 1425 582 1467 sex
604 1425 785 1488 pensarum.

325 1508 403 1570 Item
427 1509 572 1573 Donatus
595 1513 760 1593 proximus
783 1510 949 1573 Pimikach
973 1525 1087 1573 octavo
1116 1512 1169 1574 die
1191 1525 1319 1574 tenetur
1341 1512 1484 1574 testimo·

220 1612 310 1674 nium
339 1614 516 1697 producere
549 1637 605 1698 per
636 1617 846 1696 Michaelem,
878 1616 982 1679 filium
1014 1617 1225 1700 Pinthikachy
1253 1631 1285 1679 et
1316 1617 1483 1680 Simonem

220 1732 330 1781 contra
354 1722 540 1802 Martinam,
564 1722 668 1785 filium
691 1723 871 1806 Wlkouoy.

325 1826 403 1888 Item
428 1848 608 1911 causaque
632 1831 765 1892 vertitur
782 1831 863 1891 inter
883 1829 1017 1891 Peterko
1042 1842 1073 1890 et
1095 1826 1170 1892 Iuan
1197 1829 1418 1892 Chidauchich
1442 1831 1483 1893 ad

220 1945 293 1993 octo
318 1932 386 1994 dies
410 1948 456 1996 est
480 1949 605 2018 recepta
630 1936 670 1997 ad
694 1955 817 2018 pacem.

326 2039 403 2100 Item
428 2041 467 2104 N.
492 2042 713 2103 Kuroredicha
738 2042 889 2125 produxit
912 2042 1135 2104 testimonium
1159 2055 1270 2104 contra
1293 2041 1401 2105 Petres
1418 2061 1485 2104 car·

219 2143 345 2206 nificem
370 2165 425 2228 per
449 2147 647 2229 Stephanum
671 2161 822 2210 sartorem
849 2161 880 2210 et
910 2149 1079 2210 Iuaninum
1101 2167 1285 2231 preconem,
1310 2148 1398 2230 quod
1417 2149 1483 2232 ipse

221 2250 329 2314 Petres
353 2252 455 2333 ipsum
480 2254 539 2314 sub
563 2273 646 2336 pena
675 2254 809 2336 turpiter
839 2254 1041 2336 vituperavit,
1064 2254 1138 2316 ideo
1170 2253 1335 2316 convictus
1358 2267 1405 2314 est
1427 2274 1485 2336 per

219 2355 338 2435 juratos
360 2359 393 2420 in
417 2357 538 2439 judicio
563 2359 699 2421 duarum
724 2379 903 2422 marcarum
920 2379 978 2442 pro
1002 2374 1090 2442 parte
1108 2361 1239 2422 adversa
1264 2361 1349 2422 etin
1374 2361 1482 2425 media

219 2481 277 2543 pro
300 2462 425 2544 judice3
450 2485 508 2527 nec
532 2486 597 2528 non
621 2466 697 2548 quia
720 2486 837 2548 penam
862 2465 966 2548 fregit,
987 2466 1061 2528 ideo
1085 2467 1114 2528 X
1139 2486 1260 2528 marcas
1284 2465 1394 2546 judici.

325 2569 402 2632 Item
427 2572 578 2635 dominus
595 2574 638 2635 M.
663 2571 748 2635 filius
765 2573 919 2652 Franche‚
936 2585 1046 2635 contra
1074 2573 1257 2635 Arnoldum
1280 2572 1384 2635 tilium
1402 2572 1482 2636 Gra·

220 2677 307 2756 cioIi,
328 2679 430 2759 prima
448 2680 603 2741 citacione
627 2698 693 2741 non
710 2679 901 2761 comparuit.

325 2785 402 2846 Item
427 2785 513 2847 Cusa
538 2805 618 2848 uxor
641 2784 794 2848 Mihelich
811 2799 925 2848 octavo
950 2785 1002 2847 die
1025 2798 1151 2847 tenetur
1168 2784 1270 2863 jurare
1298 2799 1364 2848 met
1387 2787 1485 2849 tercia

219 2909 313 2972 super
337 2910 386 2968 en,
411 2891 499 2972 quod
525 2892 654 2953 Marena
677 2892 838 2974 penestica
863 2893 965 2974 ipsam
987 2892 1151 2974 percussit.

324 2997 401 3058 Item
425 2998 464 3060 N.
489 2997 529 3059 de
543 2997 712 3060 Branouch
729 3011 838 3059 contra
856 2996 1057 3074 Michaelem,
1075 2996 1178 3059 filium
1195 2997 1361 3078 Valterini,
1378 2997 1482 3079 prima

219 3103 373 3164 citacione
399 3123 464 3165 non
490 3104 679 3186 comparuit.

323 3209 402 3273 Item
426 3212 557 3272 Marena
582 3212 743 3292 penestica
759 3223 874 3272 octavo
899 3210 950 3271 die
975 3223 1100 3271 tenetur
1116 3209 1338 3271 testImonium
1362 3209 1481 3291 produ-

219 3335 288 3378 cere
317 3330 425 3379 contra
451 3317 614 3380 Mihelich.

323 3424 401 3485 Item
427 3423 537 3486 Obrad
560 3424 698 3507 piscator
714 3437 823 3485 contra
848 3422 978 3505 Mathey
1002 3421 1182 3484 carnificem
1198 3423 1301 3504 prima
1326 3423 1481 3485 citacione

218 3548 283 3590 non
307 3530 494 3611 comparuit.

324 3636 402 3697 Item
437 3656 530 3698 causa
556 3657 618 3719 que
650 3637 783 3699 vertitur
814 3637 896 3698 inter
927 3635 1128 3697 Kukulinum
1161 3648 1192 3696 et
1216 3634 1406 3696 Michaelem
1431 3654 1482 3696 su·

218 3755 320 3804 torem
347 3742 386 3803 ad
411 3756 483 3804 octo
508 3743 576 3803 dies
601 3757 646 3805 est
670 3757 796 3826 recepta
821 3742 861 3804 ad
893 3761 1015 3823 pacem.

324 3850 401 3910 Item
427 3848 584 3926 Grabriel‚
608 3848 693 3910 filius
717 3849 851 3928 Pauleti,
875 3861 1000 3910 tenetur
1024 3847 1147 3908 solvere
1173 3847 1217 3908 M.
1231 3845 1368 3908 condam
1385 3845 1484 3927 judici

218 3955 360 4036 quinque
384 3953 454 4016 flor.
479 3974 580 4036 usque
604 3955 847 4036 quindecimum
874 3954 971 4015 diem.

323 4061 400 4122 Item
426 4059 537 4122 Obrad
561 4073 591 4121 et
623 4058 784 4143 Georgius
814 4073 922 4122 contra
952 4059 1097 4122 Cernech
1128 4055 1271 4118 secundo
1295 4054 1381 4117 citati
1414 4073 1480 4116 non

218 4181 476 4250 comparuerunt.

323 4273 399 4336 Item
423 4294 516 4336 causa
540 4293 602 4355 que
620 4275 800 4335 vertebatur
824 4272 905 4333 inter
930 4272 956 4334 J.
974 4271 1097 4332 Zobota
1122 4283 1152 4330 et
1169 4267 1332 4330 Andream
1357 4267 1480 4328 socium

217 4399 310 4440 suum
343 4380 470 4442 racione
501 4400 554 4441 sex
586 4399 764 4441 marcarum
796 4398 869 4439 cum
901 4376 1019 4455 media,
1048 4394 1142 4457 super
1176 4393 1241 4455 quo
1272 4372 1331 4434 fuit
1355 4371 1480 4451 adjudi-

217 4499 322 4547 catum
347 4499 381 4548 ut
412 4486 478 4568 ipse
503 4484 647 4546 Andreas
677 4499 742 4547 met
770 4496 901 4566 quartus
924 4483 1100 4564 deponeret
1131 4479 1366 4562 juramentum,
1403 4478 1477 4540 ideo

216 4606 311 4675 prout
334 4593 428 4655 nobis
451 4591 554 4674 jurati,
580 4593 619 4654 ad
643 4592 819 4653 videndum
844 4590 948 4673 ipsum
976 4589 1191 4669 juramentum
1216 4586 1371 4669 deputati,
1396 4599 1480 4646 retu-

216 4698 332 4778 lerunt,
357 4699 442 4760 idem
466 4699 612 4761 Andreas
636 4698 784 4780 deposuit
808 4711 839 4758 et
863 4717 896 4759 se
921 4695 1108 4778 expurgavit
1132 4707 1166 4754 ut
1190 4692 1337 4754 debebat.

321 4806 399 4869 Item
416 4808 442 4868 I.
461 4807 584 4869 Zobota
600 4820 710 4867 contra
727 4806 751 4867 F
754 4804 905 4866 rancham
917 4802 1059 4865 secundo
1078 4801 1190 4863 citatus
1207 4818 1276 4861 non
1293 4795 1484 4878 comparuit,

1374 4900 1385 4923 .
