3488 5250
701 360 895 435 Ann01355.
921 391 962 400 —
981 370 1015 431 5.
1031 358 1125 433 junii

767 464 953 471 ——-——.—
971 463 1114 469 ———.—
1130 462 1201 467 ——
1216 462 1254 467 —
1269 463 1292 467 -
1310 461 1555 468 ———-—-—-—-

399 567 475 631 Item
501 589 594 630 causa
613 568 755 630 Totham
774 581 804 629 et
821 567 968 629 Marketti
986 586 1086 648 usque
1109 566 1196 627 diem
1213 578 1362 627 octavum
1386 566 1425 626 ad
1443 584 1555 648 pacem

294 689 341 739 est
364 688 543 759 prorogata.

397 779 474 843 Item
509 779 593 844 iwan
634 780 734 862 pistor
775 793 885 842 contra
922 777 1116 861 Gregorium
1158 777 1300 840 secundo
1335 777 1448 839 citatus
1490 797 1556 840 non

293 887 483 969 comparuit.

396 989 473 1054 Item
498 990 538 1053 G.
572 990 725 1053 Staunich
757 991 809 1052 die
845 1004 958 1051 octavo
995 989 1090 1051 debet
1122 989 1342 1051 testimonium
1377 988 1556 1072 producere

292 1117 365 1159 cum
390 1098 529 1176 Markus,
553 1096 620 1159 filio
647 1096 803 1159 Gemzine
827 1109 858 1157 et
883 1095 1082 1156 Lancholoto
1106 1107 1216 1156 contra
1239 1093 1342 1156 filium
1367 1093 1453 1156 God.

399 1201 477 1265 Item
517 1202 574 1265 filii
614 1202 768 1265 VaIterini
808 1201 860 1263 die
899 1213 1013 1263 octavo
1056 1200 1175 1262 debent
1212 1199 1407 1283 respondere
1445 1213 1555 1263 contra

295 1309 485 1371 Marketum.

399 1412 476 1476 Item
500 1411 585 1476 Iwan
610 1413 661 1475 die
685 1426 799 1476 octavo
824 1412 919 1474 debet
941 1412 1134 1495 respondere
1159 1425 1268 1475 contra
1292 1412 1428 1495 Boyniir.

398 1518 475 1582 Item
489 1519 620 1581 domina
638 1519 753 1582 Cicilia
766 1532 875 1581 contra
893 1518 1043 1581 Anchech
1060 1519 1165 1601 primo
1182 1519 1275 1581 citata
1287 1538 1351 1580 non
1365 1519 1555 1602 comparuit.

398 1623 476 1689 Item
499 1625 540 1687 ad
563 1626 757 1708 peticionem
780 1625 908 1687 testium
932 1645 1025 1687 causa
1051 1625 1132 1686 Zore
1156 1639 1187 1686 et
1212 1630 1320 1708 Arney
1342 1642 1444 1705 usque
1469 1624 1555 1687 diem

293 1744 443 1792 octavum
468 1731 508 1792 ad
532 1750 643 1813 pacem
668 1743 714 1792 est
737 1744 917 1813 prorogata.

401 1834 478 1899 Item
503 1837 615 1898 Petrus
639 1835 778 1898 carnifex
810 1849 918 1897 contra
944 1835 1082 1897 Bartuch
1106 1835 1211 1917 primo
1243 1836 1356 1898 citatus
1380 1856 1444 1899 non
1470 1856 1557 1899 corn-

298 1943 413 2025 paruit.

400 2045 477 2110 Item
503 2046 640 2108 Michael
664 2060 752 2108 sutor
783 2060 893 2109 contra
924 2047 968 2109 St.
994 2047 1098 2129 primo
1131 2047 1244 2109 citatus
1276 2068 1341 2109 non
1366 2050 1557 2131 comparuit.

400 2151 478 2214 Item
502 2172 582 2213 uxor
606 2152 719 2214 Friche
743 2165 853 2214 contra
877 2152 1006 2235 Mathey
1031 2153 1136 2234 prImo
1161 2153 1254 2213 citata
1278 2173 1343 2215 non
1368 2156 1558 2237 comparuit.

401 2255 479 2320 Item
511 2258 555 2321 St.
587 2257 639 2319 die
669 2270 783 2319 octavo
815 2271 925 2320 contra
949 2256 1128 2339 Georgium
1159 2277 1304 2320 socerum
1335 2280 1428 2322 suum
1465 2261 1561 2323 debet

295 2364 513 2427 testimonium
538 2363 713 2445 producere
738 2383 810 2424 cum
835 2361 1027 2442 GoIobicha,
1052 2382 1149 2425 uxore
1164 2364 1241 2426 WIk
1266 2377 1296 2426 et
1319 2366 1443 2428 Malech
1468 2367 1559 2449 pelli·

297 2469 354 2531 fice
386 2489 481 2552 super
513 2467 596 2531 Iacto
631 2469 813 2550 aliquarum
847 2488 972 2546 rerum;
1008 2470 1084 2531 item
1120 2471 1309 2552 Kurkonern
1345 2492 1440 2555 super
1476 2472 1559 2535 facto

297 2576 394 2636 trium
419 2594 600 2657 pensarum.

404 2677 481 2741 Item
506 2680 631 2741 Blasius
655 2680 707 2741 die
732 2693 845 2743 octavo
877 2680 974 2743 debet
1004 2682 1144 2764 recipere
1168 2683 1209 2744 ad
1240 2682 1336 2744 fidem
1360 2694 1422 2744 tres
1445 2703 1560 2766 pensas

298 2786 404 2867 precio
418 2785 545 2863 domus,
559 2805 638 2867 quas
650 2786 676 2847 si
689 2785 830 2868 recipiet,
843 2799 918 2848 tunc
935 2807 1016 2849 uxor
1028 2788 1149 2870 Ztepau
1164 2787 1269 2849 eidem
1281 2788 1405 2850 solvere
1419 2789 1559 2853 debebit.

402 2889 479 2954 Item
503 2892 614 2953 Petrus
638 2891 793 2975 Machych
818 2906 927 2955 contra
944 2894 1012 2955 Kus
1028 2894 1123 2955 debet
1147 2894 1198 2956 die
1223 2908 1336 2956 octavo
1354 2896 1559 2977 respondere.

404 2994 482 3058 Item
514 2997 622 3075 Trost,
654 2996 791 3059 Michael
816 3013 846 3059 et
876 2999 1040 3077 Nicolaus,
1064 2997 1156 3078 fabri,
1181 3014 1290 3062 contra
1314 2999 1417 3062 filium
1449 3006 1558 3086 Arney

297 3102 402 3186 prImo
425 3103 511 3165 citati
535 3121 600 3164 non
625 3116 883 3185 comparuerunt.

403 3206 481 3270 Item
505 3207 590 3271 lwan
615 3210 745 3271 sellator
769 3223 878 3271 contra
910 3211 1036 3272 Mikech
1071 3211 1209 3273 condam
1245 3211 1383 3292 judicem
1418 3214 1560 3278 secundo

299 3315 412 3377 citatus
435 3335 500 3376 non
525 3315 713 3397 comparuit.

404 3419 481 3483 Item
507 3423 617 3483 Maren
653 3434 760 3483 contra
797 3423 961 3484 Emricum
998 3421 1178 3484 carnificem
1210 3423 1315 3504 primo
1347 3423 1460 3485 citatus
1495 3443 1559 3486 non

300 3528 488 3609 comparuit.

404 3630 481 3693 Item
505 3652 598 3695 causa
624 3633 745 3694 Mareni
771 3647 802 3694 et
826 3634 935 3695 Jacobi
960 3653 1061 3715 usque
1094 3634 1180 3694 diem
1203 3648 1350 3696 octavum
1376 3634 1416 3695 ad
1448 3654 1560 3717 pacem

302 3753 347 3800 est
370 3753 550 3821 prorogata.

405 3842 482 3906 Item
499 3849 627 3925 Agnesa
651 3846 766 3907 mulier
797 3846 849 3907 die
872 3858 986 3907 octavo
1000 3846 1076 3927 quid
1095 3846 1242 3928 reciperit
1257 3845 1298 3906 ad
1314 3844 1422 3924 fidem,
1449 3845 1560 3928 damp-

301 3971 379 4013 num
402 3952 547 4014 Andreas
570 3951 660 4014 faber
684 3952 814 4014 debebit
837 3952 960 4013 solvere
984 3967 1015 4014 et
1038 3952 1177 4032 judicem
1201 3952 1338 4034 placare.

406 4055 481 4119 Item
508 4057 616 4119 relicta
640 4059 790 4119 Jurkonis
814 4057 865 4119 die
890 4070 1004 4119 octavo
1029 4059 1125 4119 debet
1160 4058 1320 4139 deponere
1345 4058 1560 4139 juramentum

300 4184 394 4246 super
418 4183 469 4241 eo,
492 4164 580 4245 quod
605 4164 672 4246 ipsa
697 4165 729 4225 in
752 4164 970 4225 mercimoniis
995 4179 1025 4225 et
1041 4166 1136 4225 rebus
1161 4164 1457 4225 mercimonialibus
1475 4183 1562 4226 com-

301 4270 408 4331 munis
431 4290 504 4332 cum
529 4270 656 4332 Mikech
683 4271 819 4332 condam
851 4270 956 4352 judice
981 4285 1011 4332 et
1046 4271 1191 4351 quinque
1215 4268 1354 4331 florenos
1384 4270 1463 4332 lucri
1497 4291 1561 4333 non

301 4376 442 4458 percepit
464 4376 608 4437 eiusdem
632 4377 666 4437 in
689 4376 832 4458 predicto
856 4376 956 4437 lucro.

405 4478 483 4543 Item
508 4481 658 4543 dominus
682 4481 843 4543 Johannes
867 4481 1109 4543 archidiaconus
1134 4481 1173 4541 de
1198 4480 1321 4543 Varosd
1344 4480 1488 4544 exhibuit
1510 4482 1561 4544 Iit·

301 4596 383 4648 teras
399 4587 605 4669 obligatorias
628 4601 736 4649 contra
755 4589 947 4649 Markettum
964 4585 1162 4648 aurifabrum
1187 4587 1219 4648 in
1244 4587 1361 4667 quibus
1378 4587 1562 4651 continebat

304 4689 448 4754 debitum
466 4692 577 4755 decem
592 4712 714 4754 marcas
730 4693 837 4754 minus
849 4692 940 4753 XXX
953 4692 1113 4770 denarios,
1123 4711 1182 4775 pro
1196 4692 1314 4773 quibus
1330 4692 1457 4754 vineam
1474 4713 1565 4754 suam

301 4798 470 4861 statuimus
492 4798 547 4861 tali
572 4798 683 4878 modo,
708 4797 821 4882 (quod)
846 4799 912 4881 ipse
931 4798 1104 4860 Markettus
1130 4817 1232 4879 usque
1254 4797 1433 4879 quindenas
1456 4798 1563 4862 eidem
