3488 5250
364 568 441 628 Item
467 586 546 627 uxor
572 567 698 627 Martini
725 586 852 627 mosnar
877 581 986 628 contra
1017 567 1183 648 Kruppam
1208 567 1313 648 primo
1338 567 1431 628 citata
1456 586 1521 628 non

257 673 446 754 comparuit.

363 779 438 840 Item
464 792 577 840 octavo
602 778 653 838 die
671 779 854 839 AnthonIus
878 791 987 838 contra
1013 777 1218 857 iobagionem
1243 776 1385 859 Capituli
1410 797 1521 858 quem-

257 884 330 944 dam
357 884 437 944 circa
462 884 652 964 sanguinem
677 898 741 944 met
765 884 925 944 secundus
949 882 1052 963 jurare
1076 896 1210 945 tenetur.

363 990 440 1050 Item
465 1008 557 1050 causa
585 990 706 1051 Mareni
732 1003 762 1050 et
786 990 867 1050 Zore
898 1009 953 1070 per
985 988 1104 1067 juratos
1135 1005 1166 1051 et
1190 989 1454 1050 communitatem
1478 990 1521 1052 ita

256 1093 316 1156 fuit
339 1096 532 1173 adiudicata,
558 1095 646 1176 quod
671 1095 744 1175 quia
770 1095 850 1155 Zore
875 1095 907 1155 in
936 1096 1073 1156 termino
1098 1095 1158 1155 sibi
1191 1095 1352 1175 assignato
1376 1096 1520 1157 testimo·

256 1202 345 1262 nium
383 1216 491 1262 contra
524 1200 683 1283 prelatum
716 1201 827 1262 Maren
859 1220 923 1261 non
956 1200 1123 1281 produxit,
1156 1201 1229 1262 ideo
1262 1219 1391 1261 causam
1423 1220 1519 1282 quam

259 1326 355 1388 super
380 1307 483 1387 ipsum
510 1308 618 1368 Maren
645 1306 837 1386 acquirebat,
862 1305 1011 1387 perdidit.

364 1413 442 1474 Item
467 1432 560 1473 causa
586 1410 697 1473 Gerini
722 1424 753 1473 et
779 1412 906 1472 Martini
937 1413 1059 1493 Ilevniz
1085 1412 1116 1472 in
1149 1411 1233 1473 Iacto
1257 1413 1317 1473 XX
1342 1432 1519 1473 marcarum

260 1537 318 1599 pro
343 1518 459 1598 quibus
483 1519 575 1579 stuba
599 1517 705 1578 balnei
730 1537 787 1598 per
808 1517 989 1578 Nicoletum
1015 1517 1152 1578 condam
1178 1517 1235 1599 ipsi
1262 1518 1401 1579 Martino
1419 1516 1521 1579 luerat

260 1622 412 1703 obligata,
436 1623 491 1684 tali
523 1623 621 1684 modo
655 1621 714 1684 fuit
738 1623 919 1684 adiudicata
951 1644 1006 1705 per
1038 1624 1156 1703 iuratos
1180 1639 1211 1685 et
1235 1625 1519 1686 communitatem:

259 1727 346 1808 quod
372 1729 446 1809 quia
472 1729 539 1810 ipse
564 1727 703 1790 Gerinus
727 1743 757 1790 et
789 1728 919 1790 domina
945 1749 1001 1790 sua
1033 1730 1134 1810 ipsam
1167 1731 1293 1792 stubam
1317 1729 1422 1791 balnei
1447 1730 1521 1792 licet

257 1833 479 1894 translocatam
513 1835 545 1894 in
569 1854 624 1895 sua
658 1835 775 1896 habent
796 1835 1006 1916 proprietate,
1038 1836 1110 1896 ideo
1135 1856 1229 1917 super
1253 1834 1411 1917 prelatum
1436 1836 1519 1896 Mar·

256 1941 361 2001 tinum
386 1940 425 2001 de
450 1942 526 2022 ipsis
549 1941 608 2001 XX
633 1941 747 2002 marcis
771 1941 868 2001 nichil
896 1942 1022 2021 penitus
1044 1942 1083 2002 de
1108 1942 1175 2021 jure
1200 1943 1364 2022 acquirere
1387 1942 1439 2003 vel
1464 1941 1519 2002 ha-

257 2048 332 2107 bere
364 2061 477 2129 potest,
508 2047 563 2107 sed
597 2047 723 2129 penitus
755 2047 922 2108 silencium
955 2047 993 2107 de
1026 2048 1080 2108 tali
1115 2049 1330 2128 acquisicione
1361 2061 1427 2107 tam
1452 2047 1518 2129 ipse

256 2150 395 2214 Gerinus
419 2173 515 2234 quam
540 2173 596 2214 sua
621 2152 752 2214 domina
776 2153 914 2213 habeant
939 2166 969 2214 et
993 2153 1108 2214 habere
1134 2153 1271 2214 debeant
1295 2166 1461 2234 perpetuo

364 2259 440 2320 Item
466 2278 639 2338 causaque
664 2259 797 2319 vertitur
814 2259 895 2319 inter
915 2257 1071 2319 famulum
1091 2258 1135 2320 St.
1152 2260 1280 2320 sartoris
1304 2272 1334 2319 et
1360 2257 1517 2319 famulum

258 2364 366 2426 Petres
390 2365 430 2425 ad
455 2378 528 2425 octo
553 2364 621 2425 dies
645 2378 690 2424 est
714 2377 894 2445 prorogata.

362 2471 456 2548 Nota,
481 2469 569 2550 quod
587 2470 661 2549 quia
686 2469 838 2530 Nicolaus
854 2468 939 2530 filius
963 2469 1091 2530 Thome
1109 2470 1148 2529 de
1166 2468 1293 2551 Bydrag
1316 2490 1348 2530 se
1374 2482 1517 2530 nostrum

257 2577 421 2636 concivem
459 2595 526 2636 esse
559 2575 729 2655 abnegavit
761 2575 792 2635 in
825 2575 987 2655 quandam
1019 2589 1155 2635 atractus
1187 2594 1325 2653 causam,
1353 2575 1427 2637 licet
1463 2595 1518 2656 per

257 2683 384 2762 aliquos
408 2682 572 2742 dicebatur
597 2700 663 2741 esse
696 2680 784 2758 civis,
817 2681 890 2741 ideo
924 2680 1217 2742 determinaverunt
1241 2680 1346 2760 judex,
1371 2680 1463 2760 jurati
1488 2694 1518 2742 et

255 2800 320 2848 tota
335 2787 548 2848 communitas
573 2786 702 2862 civium,
727 2785 815 2866 quod
840 2805 1004 2866 nunquam
1028 2800 1210 2868 temporum
1235 2787 1266 2846 in
1292 2805 1441 2867 processu
1458 2806 1517 2849 nec

256 2892 323 2974 ipse
359 2892 512 2953 Nicolaus
547 2912 604 2952 nec
637 2892 684 2952 sui
721 2891 853 2951 heredes
884 2911 916 2952 se
949 2891 1183 2972 quoquomodo
1219 2891 1435 2972 possessiones
1465 2892 1517 2953 vel

256 2996 388 3058 domum
414 2997 581 3059 cuiusdam
606 2994 696 3056 fundi
723 2996 828 3058 medie
846 2997 942 3073 curie,
977 2998 1008 3058 in
1034 2998 1195 3058 vicinitate
1227 2998 1312 3058 curie
1345 3011 1516 3079 neptarum

257 3104 395 3164 Munech
421 3102 576 3164 carnificis
601 3103 772 3179 existentis,
797 3123 829 3163 se
852 3103 976 3184 possint
999 3123 1057 3163 nec
1077 3103 1203 3164 valeant
1226 3123 1363 3164 asserere
1387 3123 1445 3164 nec
1471 3103 1516 3163 di-

257 3228 338 3287 cere,
364 3209 468 3289 quisi
494 3229 526 3269 se
552 3210 650 3290 ipsius
683 3207 772 3268 fundi
807 3228 1003 3288 possessores
1035 3210 1083 3269 vel
1109 3209 1232 3270 domini
1267 3208 1358 3270 fundi
1383 3210 1516 3290 predicti

256 3334 399 3396 unquam
423 3329 605 3396 tempotum
632 3314 664 3374 in
689 3333 839 3394 processu
871 3315 1071 3395 protulerint,
1097 3329 1211 3375 extunc
1236 3315 1329 3375 bonis
1352 3316 1517 3395 priventur

255 3432 286 3480 et
310 3421 421 3502 capite.

360 3526 438 3586 Item
465 3526 574 3586 Maren
599 3526 703 3587 dictus
728 3526 829 3587 Brada
861 3539 974 3587 octavo
999 3525 1050 3586 die
1075 3539 1140 3586 met
1163 3526 1280 3586 tercius
1303 3538 1412 3586 contra
1438 3526 1514 3587 Iuan

255 3629 377 3690 dictum
403 3632 510 3711 Began
535 3645 660 3692 tenetur
686 3633 716 3692 in
738 3632 791 3692 vll
818 3630 886 3692 flor.
905 3650 986 3711 quos
1010 3632 1076 3712 ipse
1103 3631 1178 3691 luan
1195 3650 1251 3711 per
1276 3632 1379 3711 ipsum
1405 3632 1514 3692 Maren

255 3734 380 3797 dicebat
404 3735 500 3797 luisse
524 3738 658 3815 ablatos,
684 3736 863 3814 iuramento
888 3737 1049 3798 mediante
1074 3755 1247 3818 expurgare
1271 3749 1407 3800 tenetur.

256 3935 350 4019 Nota,
379 3937 466 4024 quod
495 3937 580 4007 feria
609 3946 706 4007 sexta
736 3940 889 4025 proxima
926 3946 1003 4025 post
1031 3937 1152 4007 festum
1180 3938 1355 4008 beatorum
1383 3937 1453 4009 Viti
1482 3948 1515 4011 et

702 4062 842 4131 Modesti
876 4064 1066 4132 martirum.

794 4211 856 4285 (ld.
873 4211 979 4289 J'nnr'r).

360 4349 467 4410 Primo
492 4350 599 4411 relicta
626 4349 765 4411 Gilionis
789 4351 926 4431 lapicide
944 4366 1057 4412 octavo
1084 4352 1135 4412 die
1152 4353 1372 4414 testimonium
1389 4367 1515 4415 tenetur

254 4452 429 4534 producere
455 4456 542 4535 quod
567 4456 681 4516 melius
706 4457 821 4537 poterit
838 4475 933 4537 super
957 4455 1057 4516 fundo
1083 4458 1168 4518 curie
1194 4473 1303 4519 contra
1322 4458 1513 4536 Iohannem,

254 4557 375 4620 dictum
399 4560 608 4622 sacerdotem.

359 4666 437 4728 Item
462 4667 607 4728 Thomas
630 4683 731 4728 sartor
754 4687 856 4749 usque
872 4668 1006 4729 tercium
1031 4668 1117 4729 diem
1141 4670 1165 4729 si
1191 4670 1375 4749 quindecim
1394 4689 1515 4732 marcas

254 4767 459 4832 denariorum
483 4791 541 4853 pro
566 4771 667 4833 lundo
692 4772 796 4833 medie
818 4773 904 4834 curie
924 4772 1090 4834 Michaelis
1113 4773 1152 4834 de
1178 4773 1316 4836 Goricha
1340 4775 1435 4838 Petro
1450 4794 1515 4836 sar·
