3488 5250
631 336 717 393 Anno
739 347 829 412 1359.
854 369 896 377 -
920 331 970 396 18.
987 332 1081 413 sinii.

1429 354 1488 416 ¹27

230 553 325 634 Nota.
353 553 441 642 qnod
470 554 556 625 seria
583 555 692 626 tercia
720 555 875 642 proxima
902 561 980 623 ante
1016 555 1139 625 festum
1176 556 1330 644 eorporis
1358 553 1493 626 Christi.

771 701 835 782 (18.
850 702 957 783 jonii).

336 864 445 926 PrImo
471 864 583 926 Petrus
605 862 701 926 frater
725 863 866 945 Jurizlay
899 877 1008 925 contra
1039 863 1212 925 Martinum
1237 883 1366 925 mosnar
1390 864 1494 946 prImo

231 967 342 1030 citatus
366 988 430 1029 non
462 969 651 1051 comparuit.

336 1075 414 1136 Item
439 1073 599 1156 Georgius
615 1074 700 1136 filius
717 1074 858 1136 Prenarii
876 1087 985 1136 contra
1011 1075 1178 1136 Mortonos
1194 1075 1376 1137 sellatorem
1391 1075 1495 1157 primo

231 1178 343 1240 citatus
367 1199 433 1241 non
462 1181 652 1263 comparuit.

336 1286 413 1348 Item
437 1287 563 1347 Marcus
587 1286 716 1369 eelIipar
750 1300 858 1348 contra
885 1286 1065 1348 Iohannem
1097 1285 1291 1348 frenatorem
1322 1286 1427 1368 primo
1451 1287 1495 1348 ci-

231 1404 314 1452 tatus
338 1411 403 1453 non
428 1392 618 1474 comparuit.

338 1498 414 1559 Item
441 1497 585 1560 Cernech
604 1512 712 1560 contra
732 1498 909 1581 Georgium
934 1498 973 1559 ad
990 1511 1064 1559 octo
1088 1497 1156 1560 dies
1180 1498 1299 1580 recepit
1321 1498 1495 1560 terminum

232 1602 272 1663 ad
296 1603 568 1685 respondendum.

340 1708 417 1770 Item
442 1709 563 1771 Finech
588 1711 808 1793 procuratorio
825 1711 957 1773 nomine
981 1731 1040 1793 pro
1057 1729 1155 1772 uxore
1180 1713 1288 1791 Arney
1312 1722 1426 1771 octavo
1442 1708 1496 1771 die

233 1829 343 1877 contra
365 1819 493 1877 Annam
517 1816 686 1878 mulierem
710 1836 766 1900 per
789 1837 922 1879 uxorem
942 1817 1075 1879 Pthichk
1101 1830 1131 1878 et
1155 1816 1285 1877 Petrum
1310 1816 1385 1876 Kun
1401 1834 1496 1897 super

233 1920 399 2003 vituperiis
421 1921 642 1983 testimonium
665 1923 843 2004 producere
866 1936 1002 1985 tenetur.

339 2027 417 2087 Item
443 2026 562 2088 Finech
587 2041 696 2089 contra
719 2028 899 2090 Iohannem
929 2027 1030 2090 filium
1063 2028 1232 2091 Laurencii
1264 2026 1303 2089 ad
1328 2039 1402 2089 octo
1426 2025 1496 2089 dies

233 2132 351 2214 recepit
374 2133 549 2194 terminum
573 2133 612 2194 ad
638 2134 909 2216 respondendum.

339 2238 417 2299 Item
441 2238 593 2300 Nicolaus
623 2237 707 2301 filius
731 2241 830 2302 Pethk
855 2254 965 2302 contra
989 2240 1192 2303 Pechkonem
1217 2240 1359 2302 secundo
1383 2241 1496 2303 citatus

234 2362 300 2405 non
325 2345 514 2427 comparuit.

339 2449 417 2511 Item
443 2463 557 2514 octavo
582 2451 683 2516 diesi
709 2452 796 2514 Elias
819 2472 935 2535 parvus
958 2453 1046 2514 domi
1072 2450 1136 2531 fiet,
1168 2451 1313 2514 Kussech
1338 2449 1498 2513 aurifaber

232 2557 454 2639 procuratorio
478 2557 609 2619 nomine
634 2577 691 2640 pro
718 2558 826 2620 relicta
844 2557 975 2620 Gianini
992 2572 1102 2620 contra
1118 2558 1286 2620 Wlkotam
1303 2577 1359 2640 per
1376 2557 1497 2620 dictum

235 2662 340 2723 Eliam
365 2676 396 2724 et
420 2662 488 2724 eius
512 2683 645 2724 uxorem
676 2683 771 2746 super
803 2664 968 2745 vituperiis
999 2664 1220 2726 testimonium
1252 2662 1427 2746 producere
1451 2677 1496 2724 te·

234 2780 348 2845 netur;
372 2768 397 2829 si
419 2788 495 2830 vero
519 2767 608 2830 domi
633 2769 700 2851 ipse
719 2769 805 2831 Elias
828 2768 906 2850 (non
930 2768 1038 2853 fuerit)
1061 2784 1176 2831 extunc
1199 2768 1342 2831 secundo
1367 2768 1419 2830 die
1443 2769 1498 2830 ad·

235 2887 349 2936 ventus
374 2874 472 2956 ipsius
505 2875 575 2936 Elie
607 2876 767 2937 tenebitur
791 2875 943 2957 premissa
968 2895 1024 2958 per
1047 2896 1103 2937 eos
1125 2877 1345 2959 comprobare.

339 2981 418 3042 Item
443 2982 554 3042 Petrus
579 2980 765 3064 Oplzauech
782 2995 892 3043 contra
916 2982 1059 3043 relictam
1086 2982 1226 3063 Artuigh
1258 2981 1363 3063 primo
1386 2981 1500 3043 citatus

235 3106 300 3148 non
324 3086 513 3169 comparuit.

341 3191 418 3253 Item
443 3206 556 3254 octavo
579 3191 632 3253 die
653 3192 798 3253 Thomas
821 3193 978 3254 litteratus
995 3206 1104 3254 contra
1131 3191 1305 3272 quamdam
1330 3193 1498 3255 mulierem

238 3317 293 3380 per
327 3296 430 3359 filium
462 3298 570 3359 Rados
601 3313 632 3360 et
666 3298 734 3360 eius
769 3317 902 3360 uxorem
927 3311 958 3359 et
991 3297 1165 3378 quemdam
1199 3298 1404 3381 gladiparum
1439 3319 1497 3382 pro

237 3403 463 3466 interfercione
486 3405 581 3466 unius
605 3404 737 3486 porcelli
761 3404 982 3466 testimonium
1007 3404 1183 3486 producere
1208 3404 1314 3465 debet.

341 3510 419 3572 Item
457 3510 569 3572 Surkel
606 3525 715 3572 contra
752 3511 896 3572 Marcum
931 3510 1105 3572 Boniolum
1144 3510 1249 3591 primo
1285 3510 1398 3571 citatus
1434 3527 1498 3569 non

237 3616 425 3698 comparuit.

341 3722 418 3782 Item
444 3721 554 3783 Petrus
577 3719 673 3782 frater
697 3721 837 3782 custodie
861 3734 971 3782 contra
991 3719 1110 3782 Finech
1134 3720 1174 3782 ad
1199 3733 1272 3782 octo
1289 3720 1358 3781 dies
1381 3719 1500 3802 recepit

236 3827 408 3889 terminum
433 3828 473 3889 ad
498 3828 770 3911 respondendum.

343 3934 421 3995 Item
435 3933 541 3995 Herxa
554 3947 664 3996 contra
677 3933 806 3996 Cussilo
819 3947 961 3995 sutorem
976 3933 1082 4014 primo
1099 3933 1212 3995 citatus
1229 3952 1293 3994 non
1311 3934 1499 4016 comparuit.

344 4039 421 4099 Item
455 4058 556 4120 usque
588 4039 766 4120 quindenae
791 4040 958 4101 Mortonos
980 4038 1110 4100 sellator
1132 4050 1259 4100 tenetur
1290 4039 1416 4101 solvere
1441 4043 1500 4100 Ar·

237 4144 306 4223 tuig
332 4144 428 4204 LXIII
454 4142 612 4208 denarios.

344 4250 421 4310 Item
458 4249 560 4310 Draxe
597 4262 706 4312 contra
742 4250 898 4311 Jacobum
933 4249 1107 4311 litteratum
1150 4250 1255 4331 primo
1287 4249 1399 4311 citatus
1434 4269 1499 4311 non
1582 4331 1584 4335 ι

239 4356 427 4438 comparuit.

346 4463 424 4523 Item
448 4461 614 4524 JanzIInus
638 4461 833 4545 Krupichich
858 4474 967 4523 contra
985 4462 1143 4522 Peronem
1167 4461 1274 4543 primo
1297 4461 1410 4522 citatus
1434 4480 1500 4522 non

239 4568 428 4650 comparuit.

345 4672 422 4736 Item
448 4673 599 4735 Nicolaus
630 4671 714 4734 filius
746 4672 849 4753 Bolog
881 4691 982 4753 usque
1006 4672 1187 4753 quindenas
1218 4685 1344 4733 tenetur
1376 4670 1501 4733 solvere

240 4778 354 4860 Artuig
380 4778 390 4839 I
413 4778 583 4842 florenum.
