3488 5250
583 359 784 438 Ann01362.
808 394 851 405 -
868 376 924 438 30.
948 362 1122 434 septembris.

218 573 307 655 quod
330 572 376 633 eis
400 571 539 649 dixisset,
564 585 595 632 et
619 572 706 652 quod
731 572 763 632 in
788 591 821 633 re
845 591 1008 653 quaquam
1033 571 1109 652 ipsis
1133 570 1255 631 nullam
1280 568 1404 632 fecisset
1429 589 1482 630 ne-

217 679 406 760 gacionem3
431 697 497 759 quo
522 678 652 759 prestito
678 677 869 759 juramento,
890 678 1066 758 dampnum
1093 676 1179 758 quod
1205 688 1260 753 est,
1285 695 1398 736 omnes
1422 688 1484 737 tres

218 786 352 847 solvent.

324 890 402 951 Item
427 905 540 951 octavo
565 890 616 951 die
634 888 796 951 lohannes
809 888 894 950 filius
911 888 1091 966 Laurencii,
1113 901 1300 969 procurator
1317 886 1483 949 cuiusdam

218 996 334 1057 sutoris
358 996 466 1078 Matey
497 996 640 1074 nomine,
668 1015 724 1077 per
756 994 946 1057 Michaelem
978 992 1105 1072 Ortolfi,
1138 994 1337 1055 Demetrium
1362 993 1482 1076 Brayu·

219 1104 328 1180 kokot,
353 1101 489 1164 Paulum
515 1100 708 1162 frenatorem
738 1100 959 1162 testimonium
984 1100 1160 1181 producere
1193 1099 1288 1161 debet
1312 1113 1342 1160 et
1366 1098 1482 1179 Jurgli·

220 1226 296 1268 num
322 1227 490 1290 supereo,
515 1207 603 1288 quod
628 1207 761 1288 quidam
785 1205 925 1267 famulus
952 1204 1079 1266 Andree
1105 1204 1184 1268 fabri
1210 1204 1388 1282 defunctus,
1413 1219 1485 1287 post

218 1315 479 1376 vulneracionem
513 1314 553 1374 de
584 1314 667 1375 lecto
693 1332 849 1394 exurgens
881 1311 1087 1393 egretudinis,
1118 1310 1195 1373 foris
1227 1312 1259 1372 in
1283 1312 1423 1373 tabernis
1454 1324 1485 1372 et

219 1420 298 1481 locis
322 1420 394 1481 aliis
416 1419 619 1481 ambulasset.

326 1525 401 1587 Item
427 1539 542 1587 octavo
566 1525 618 1586 die
643 1525 777 1587 Endrilo
802 1539 834 1585 et
865 1524 985 1585 luanko
1010 1537 1120 1584 contra
1153 1524 1322 1585 Albertum
1347 1523 1484 1604 quilibet

219 1651 251 1692 se
277 1632 394 1693 tercius
418 1631 545 1711 jurabit,
562 1630 649 1712 quod
666 1650 741 1691 eum
767 1649 830 1691 non
848 1631 993 1692 traxisset
1012 1648 1067 1710 per
1084 1629 1187 1691 crines
1203 1649 1261 1690 nec
1277 1632 1483 1693 verberasset.

326 1737 405 1799 ltem
421 1736 507 1799 filius
521 1735 620 1798 Pethk
635 1749 744 1798 contra
757 1737 920 1798 Andresm
935 1736 1077 1797 secundo
1091 1737 1203 1797 citatus
1215 1754 1280 1797 non
1295 1737 1484 1818 comparuit.

326 1843 402 1904 ltem
428 1845 539 1905 Petrus
571 1843 681 1904 Sestak
715 1843 747 1903 in
780 1862 872 1904 causa
905 1862 1002 1923 quam
1026 1856 1137 1904 contra
1169 1842 1246 1903 luan
1277 1842 1484 1923 jobagionem

220 1948 343 2010 domini
370 1950 453 2010 Petri
478 1950 508 2010 in
540 1947 623 2010 lacto
654 1948 797 2010 vulneris
828 1950 989 2026 movebat,
1022 1949 1097 2029 quia
1128 1948 1350 2010 testimonium
1374 1963 1483 2010 contra

222 2056 338 2137 ipsum,
363 2055 451 2137 quod
468 2075 563 2138 super
580 2074 618 2116 eo
637 2055 812 2136 producere
834 2067 1030 2135 asumpserst
1047 2074 1111 2114 non
1128 2055 1289 2136 produxit,
1306 2055 1484 2117 succubuit.

327 2161 403 2223 ltem
428 2174 542 2223 octavo
567 2161 619 2221 die
652 2161 836 2222 Petrozlaus
868 2175 977 2223 contra
1002 2161 1219 2241 Dampianum
1250 2180 1282 2220 se
1306 2174 1413 2222 sextus
1436 2160 1484 2221 iu-

219 2267 422 2348 rabit,.quod
448 2267 581 2348 quidam
607 2268 725 2328 vitulus
748 2286 825 2328 suus
849 2267 889 2328 ad
914 2286 987 2328 eum
1014 2287 1079 2328 non
1105 2267 1309 2348 pervenisset,
1333 2286 1392 2328 nec
1409 2286 1484 2329 eum

220 2391 384 2453 quoquam
409 2371 543 2435 fecisset.

324 2477 403 2539 ltem
427 2478 503 2540 luen
527 2478 654 2560 Boynilx
677 2491 792 2539 octavo
816 2477 867 2538 die
893 2497 925 2538 se
949 2478 1065 2539 tercius
1089 2492 1198 2540 contra
1225 2477 1404 2541 Johannem
1430 2478 1483 2538 Vi·

219 2582 336 2644 donich
361 2582 542 2662 juramento
566 2584 728 2645 mediante
751 2603 785 2645 se
809 2583 905 2645 debet
927 2603 1113 2664 expurgare.

326 2689 403 2751 ltem
427 2704 542 2751 octavo
566 2690 618 2751 die
635 2690 736 2751 Pausa
754 2703 863 2751 contra
882 2689 1025 2752 Blasium
1044 2689 1245 2772 luciligulum
1269 2710 1326 2772 per
1350 2710 1482 2753 uxorem

221 2793 317 2855 Blasii
342 2795 544 2856 Bremennak
581 2809 612 2857 et
643 2815 775 2857 uxorem
809 2796 899 2857 Pauli
932 2797 1109 2876 vigilatoris
1139 2797 1359 2858 testimonium
1389 2816 1485 2879 super

220 2899 385 2982 vituperiis
409 2901 516 2962 uxoris
539 2921 596 2962 sue
620 2900 796 2984 producere
819 2902 924 2963 debet.

327 3006 404 3068 ltem
428 3020 543 3069 octavo
568 3006 619 3068 die
644 3007 750 3068 Petres
774 3022 883 3068 contra
908 3006 1035 3068 fratrem
1069 3008 1186 3068 Marias
1213 3027 1268 3089 per
1292 3007 1429 3070 lancech
1452 3023 1484 3071 et

220 3109 328 3172 Fuche
351 3112 570 3173 testimonium
595 3132 690 3194 super
714 3113 880 3195 vituperiis
905 3113 1070 3194 producet.

327 3217 403 3278 ltem
429 3218 578 3279 Skerlecb
612 3238 711 3299 usque
742 3218 922 3299 quindenas
953 3218 1049 3281 debet
1081 3219 1205 3281 solvere
1230 3219 1370 3282 lohanni
1394 3221 1483 3283 ioba·

217 3323 307 3403 gioni
332 3325 572 3386 communitatis
596 3343 654 3407 pro
679 3344 744 3385 uno
768 3345 867 3407 porco
892 3326 1058 3387 vulnerato
1082 3326 1140 3387 XL
1164 3327 1312 3388 denarios
1336 3339 1368 3388 et
1384 3327 1483 3408 judici

218 3445 280 3492 tres
304 3449 427 3512 penses,
452 3431 528 3511 quia
552 3431 814 3493 inconvenienter
838 3429 921 3494 iecit.

323 3536 401 3598 ltem
426 3536 472 3598 St.
496 3549 527 3597 et
550 3536 712 3598 lohannes
729 3536 822 3617 jurati
844 3557 900 3619 per
918 3537 1046 3599 Mikech
1070 3538 1209 3618 judicem
1227 3538 1356 3600 adducti
1374 3537 1483 3600 testifi-

219 3656 339 3722 carunt,
364 3642 452 3723 quod
477 3643 641 3724 cumipse
665 3644 808 3724 quodam
833 3643 885 3705 die
909 3657 1040 3705 vocatus
1071 3663 1128 3726 per
1152 3643 1290 3724 judicem
1316 3644 1356 3705 ad
1381 3664 1482 3726 quan·

219 3748 292 3809 dam
317 3767 444 3809 causam
469 3747 708 3810 discuciendam
740 3768 813 3810 cum
839 3749 944 3829 judice
976 3748 1117 3828 sedisset,
1141 3750 1174 3811 in
1206 3750 1482 3831 altercacioneque

172 3854 174 3858 ’
218 3853 360 3935 parcium
379 3855 513 3916 verbum
535 3853 706 3934 juridicum
730 3855 924 3936 protulisset,
944 3855 988 3918 St.
1014 3854 1160 3917 Pundich
1178 3855 1319 3934 dixisset,
1342 3856 1431 3937 quod
1456 3856 1481 3916 si

218 3972 305 4019 actor
324 3974 414 4033 esset,
431 3973 574 4040 surgeret
598 3974 706 4021 contra
731 3979 803 4021 eum
828 3974 859 4023 et
883 3961 1041 4042 litigaret;
1059 3980 1157 4041 quare
1182 3975 1229 4022 est
1253 3962 1293 4022 ad
1317 3975 1390 4023 octo
1415 3962 1484 4023 dies

218 4079 437 4146 prorogatum.

235 4297 332 4372 Feria
360 4309 458 4373 sexta
485 4306 641 4392 proxima
669 4312 745 4393 post
772 4304 895 4376 festum
924 4306 1012 4376 beati
1044 4305 1224 4392 llychaelis
1253 4307 1455 4393 archangeli.

718 4457 782 4532 (30.
805 4457 989 4531 septembris).

324 4594 431 4655 Primo
448 4609 562 4656 octavo
586 4596 637 4656 die
656 4596 778 4678 Symon
798 4616 898 4678 gener
916 4597 1052 4660 Stanech
1076 4597 1237 4659 tenebitur
1254 4597 1386 4659 recitare
1403 4597 1482 4678 quid

216 4699 294 4762 sciet
318 4699 400 4761 inter
424 4699 604 4761 iohannem
629 4701 797 4763 Laurencii
829 4716 861 4764 et
884 4702 1082 4781 Marketum,
1110 4702 1167 4784 (in)
1193 4722 1289 4783 quem
1314 4717 1418 4784 partes
1449 4723 1483 4764 se

217 4805 442 4869 submiserunt.
