3488 5250
614 330 699 386 Anno
722 323 813 404 1363,
834 359 878 368 -
901 273 949 402 25¹¹.
974 327 1101 400 augusti.
1432 344 1491 405 303

229 437 384 445 -—-—-—-—
399 437 402 439 Δ

336 538 416 601 Item
452 539 579 600 Marcus
609 536 779 599 Rubiconis
810 535 916 618 primo
947 536 1060 598 citatus
1092 549 1203 596 contra
1228 534 1394 596 ‚Donatum
1428 553 1493 594 non

230 645 421 727 comparuit.

336 751 414 812 Item
447 750 574 810 Marcus
606 747 770 810 Bnblronis
801 760 910 809 contra
943 746 1114 810 Crisanum
1148 746 1252 828 primo
1283 747 1396 808 citatus
1427 765 1491 807 non

230 856 420 939 comparuit.

328 961 415 1022 ¹Item
430 972 553 1021 octavo
577 958 630 1021 die
655 957 758 1040 iudex
781 971 899 1022 contra
929 958 1098 1020 Nicolaum
1130 955 1329 1020 aurifabrum
1352 976 1416 1040 per
1446 957 1492 1020 St.

230 1080 384 1130 sartorem
398 1078 440 1127 et
459 1064 633 1127 Nicolaum
653 1065 762 1126 1Zener
776 1063 943 1126 >decanum
966 1082 1062 1146 super
1084 1063 1250 1145 vituperiis
1273 1064 1491 1130 testimonium

231 1172 409 1256 producere
437 1170 543 1233 debet.

328 1277 412 1340 ‘Item
438 1289 553 1339 octavo
577 1275 629 1336 die
653 1274 818 1337 Farcasiua
832 1273 931 1336 taber
962 1287 1072 1336 contra
1090 1274 1202 1339 fElinm
1233 1274 1372 1356 juratum
1396 1295 1492 1357 super

230 1404 282 1463 eo,
307 1383 395 1465 quod
420 1382 579 1444 securium
601 1400 696 1442 suum
721 1400 779 1463 pro
803 1380 913 1442 debito
928 1379 1097 1462 principali
1114 1400 1188 1442 ¹nou
1211 1381 1368 1443 tenuisset
1391 1400 1492 1463 usque

227 1489 414 1568 modo,·=nec
429 1488 491 1549 sibi
516 1486 693 1568 dampnum
710 1485 1237 1567 aliquod-voluntarieintullisset,
1258 1485 1491 1567 (testimonium

221 1594 405 1678 producet).

335 1701 412 1761 Item
437 1698 544 1761 totalis
568 1717 661 1759 causa
692 1697 817 1759 Nicolai
842 1697 989 1759 Todcam
1022 1711 1054 1759 et
1077 1697 1178 1780 Ztoyk
1211 1717 1266 1779 per
1291 1698 1418 1763 Petrum
1444 1699 1491 1780 ju-

230 1820 333 1869 ratum
348 1805 398 1866 ad
412 1819 496 1867 neto
512 1804 589 1865 -diea
611 1817 659 1865 est
682 1803 723 1865 ed
747 1823 859 1886 pacem
879 1816 1070 1886 zprorogata.

337 1911 415 1973 Item
440 1910 578 1993 Mykech
601 1908 686 1971 filius
711 1909 873 1971 Leunardi
905 1910 1010 1991 primo
1035 1908 1148 1970 citatus
1179 1923 1289 1972 contra
1314 1909 1491 1993 Georgium
1578 1956 1581 1960 ,

225 2029 372 2079 sutorem
386 2035 461 2078 nun
478 2015 675 2096 comparuit.

335 2122 412 2183 item
449 2122 557 2204 Matey
592 2120 632 2181 de
668 2118 838 2182 Gradchan
875 2135 986 2182 contra
1021 2120 1065 2183 St.
1101 2119 1244 2182 secundo
1273 2122 1392 2186 citatim
1424 2143 1490 2187 non

229 2228 418 2310 comparuit.

325 2333 484 2396 item-St.
503 2331 646 2395 Croatus
670 2331 774 2413 primo
795 2331 909 2393 citatus
931 2345 1042 2394 eontra
1067 2333 1141 2396 Kun
1166 2352 1232 2395 non
1245 2335 1446 2415 comparuit.

335 2440 411 2502 item
436 2440 461 2500 si
486 2458 587 2521 usque
611 2451 761 2500 octavum
786 2436 871 2499 diem
897 2436 1004 2499 Endre
1028 2436 1113 2499 filius
1138 2438 1267 2524 Mathey
1291 2440 1488 2505 voluntatem

228 2546 342 2628 judicis
366 2542 796 2626 inveniet,.bene-quidem,
829 2543 974 2624 alioquin
1006 2543 1129 2606 iusticia
1159 2544 1361 2609 exhibebitur
1392 2546 1491 2628 ipsius

227 2665 388 2734 exparte.

335 2756 542 2839 itemprimo
566 2754 686 2837 judicio
709 2755 866 2817 adventus
887 2755 998 2817 Jacobi
1023 2755 1145 2834 Croati,
1170 2756 1253 2821 Petri
1278 2756 1425 2837 Tuchen,
1451 2759 1490 2823 N.

227 2863 286 2926 filii
313 2863 437 2926 Odolas
461 2876 492 2923 et
516 2860 694 2943 Gregorich
717 2861 750 2922 in
776 2861 977 2942 Zagrabiam,
1001 2860 1099 2923 iidem
1123 2861 1201 2942 quid
1232 2861 1334 2925 scient
1363 2865 1490 2929 racione

229 2970 302 3032 XVI
327 2969 521 3031 florenorum
548 2968 630 3028 inter
653 2967 739 3049 Span
771 2980 802 3027 et
833 2967 1044 3044 Demetrium,
1075 2967 1176 3029 eciam
1209 2967 1235 3028 si
1259 2969 1373 3033 absens
1396 2967 1492 3036 fuerit

230 3074 424 3153 Demetrius,
449 3073 553 3135 dicere
577 3074 781 3134 tenebuntur.

335 3180 412 3242 item
439 3179 584 3241 Thomas
607 3177 692 3240 filius
709 3178 877 3240 Laurencii
895 3191 1005 3240 contra
1023 3179 1239 3261 Dampianum
1255 3180 1361 3263 primo
1378 3181 1491 3246 citatus

230 3305 294 3347 non
316 3285 505 3367 comparuit.

335 3391 412 3453 Item
436 3405 550 3452 octavo
574 3388 825 3451 die'Golobicha
850 3389 1039 3452 reserunda
1063 3402 1173 3452 contra
1197 3389 1298 3452 filiurn
1319 3391 1490 3474 Dampiani

229 3516 323 3579 super
348 3515 396 3575 eo,
421 3496 509 3577 quod
534 3515 590 3577 per
614 3515 688 3557 eum
707 3493 801 3556 fuerit
825 3510 987 3557 cruentata
1011 3515 1068 3558 seu
1084 3496 1250 3558 vulnerata
1275 3495 1489 3577 juramentum
1574 3533 1577 3539 ·

228 3603 391 3686 prestabit.

323 3707 412 3769 'Item
437 3720 551 3768 octavo
577 3706 628 3767 die
653 3707 721 3789 ipse
750 3706 835 3769 iilius
860 3706 1043 3788 Dampiani,
1067 3703 1174 3789 Matey
1207 3708 1350 3786 nomine,
1372 3728 1405 3769 se
1428 3723 1489 3771 ter-

227 3812 295 3873 cius
319 3812 528 3874 contra'luan
553 3826 707 3874 sartorem
723 3831 819 3894 super
843 3832 893 3890 eu,
917 3812 1006 3893 quod
1024 3830 1157 3874 uxorem
1173 3832 1263 3873 suam
1289 3833 1354 3875 non
1380 3816 1489 3876 verbe-

231 3919 357 3997 raverit,
381 3917 596 3999 juramentum
621 3917 772 4001 deponet.

334 4022 412 4085 Item
437 4024 548 4084 Mareu
573 4037 682 4085 contra
706 4024 814 4086 Endre
838 4023 878 4085 ad
906 4037 980 4086 octo
1005 4024 1073 4086 dies
1103 4025 1276 4086 terminum
1300 4025 1418 4107 recepit
1442 4046 1489 4087 re-

229 4128 421 4210 spondendi.

332 4233 411 4295 Item
436 4233 543 4295 Endre
567 4248 677 4296 contra
703 4234 895 4317 Dyonisinm
919 4235 1188 4297 secundocitatus
1207 4255 1274 4297 non
1301 4237 1489 4318 comparuit.

321 4339 411 4400 ‘item
431 4353 545 4401 octavo
566 4338 618 4400 die
640 4337 772 4402 Gordan
788 4339 1124 4402 >contra'Obraamum
1141 4341 1257 4421 jurabit
1282 4341 1370 4422 quod
1389 4361 1490 4423 quen·

227 4443 302 4505 dam
323 4464 456 4528 porcum
476 4464 569 4508 suurn
583 4445 616 4508 in
629 4444 726 4506 blado
746 4465 805 4507 suo
822 4446 881 4506 aibi
904 4445 1079 4529 dampnum
1094 4445 1264 4508 facientem
1282 4447 1489 4511 ruinerasset.

333 4549 411 4612 Item
435 4563 550 4612 octavo
575 4550 627 4612 die
644 4550 826 4613 Demetrius
849 4550 1008 4613 habitator
1032 4566 1140 4614 contra
1154 4552 1296 4615 Iluanam
1319 4553 1488 4617 mulierem

228 4675 261 4718 se
284 4670 390 4719 sextus
414 4656 447 4718 in
472 4676 521 4735 eo,
546 4657 634 4738 quod
658 4657 739 4718 vites
761 4656 855 4719 vinee
879 4676 1027 4718 saecum
1051 4657 1122 4719 uvis
1145 4655 1260 4720 furtive
1284 4671 1489 4720 nonmacta-

232 4763 315 4824 verit
332 4781 396 4824 nec
413 4762 640 4844 asportaverit,
663 4760 879 4843 juramentum
902 4761 1054 4845 deponet.
