3488 5250
272 336 311 396 28
683 339 878 413 Ann01355.
903 371 947 379 —
970 351 1018 398 10.
1035 338 1121 412 julii.

270 547 342 609 date
376 545 588 609 aservandum
621 546 761 609 consorti
794 545 938 607 eiusdem
977 544 1127 607 Anchech
1159 565 1216 629 per
1255 565 1387 607 uxorem
1419 547 1533 627 Artuig

273 649 408 713 fuissent
424 653 563 714 relaxate
587 672 682 734 super
705 650 913 714 ordinacione
938 663 969 713 et
985 651 1166 714 concordia.

377 757 453 820 Item
479 758 606 820 Mikech
631 758 768 820 condam
792 756 898 839 judex,
919 757 1006 819 iwan
1030 772 1061 819 et
1080 757 1260 840 Stephanus
1284 778 1457 821 assessores
1481 758 1533 820 die

270 876 383 926 octavo
408 864 525 926 debent
550 863 743 947 respondere
766 875 876 925 contra
900 862 1046 924 Michech
1070 862 1172 925 filium
1197 864 1336 926 Martini.

375 970 453 1031 item
486 971 592 1031 Vanse
624 983 732 1031 contra
769 969 944 1030 Martinum
979 969 1156 1031 institorem
1190 969 1296 1053 primo
1324 970 1437 1032 citatus
1468 988 1532 1031 non

270 1075 458 1157 comparuit.
1489 1144 1495 1152 ⁵

375 1179 453 1241 Item
478 1179 596 1241 Paulus
620 1179 731 1241 Smina
756 1179 807 1241 die
831 1192 945 1242 octavo
970 1180 1066 1242 debet
1089 1179 1194 1262 jurare
1218 1181 1401 1243 mettercius
1423 1193 1533 1243 contra

272 1287 440 1348 dominum
476 1285 666 1348 Michaelem
698 1285 896 1348 sacerdotem
927 1306 1022 1368 super
1061 1284 1145 1348 facto
1176 1287 1324 1369 vituperii
1358 1307 1452 1370 super
1483 1306 1534 1365 eo,

270 1392 359 1474 quod
393 1393 459 1475 ipse
491 1392 713 1475 potencialiter
748 1391 909 1454 veniendo
945 1411 1011 1453 non
1046 1393 1238 1475 vituperavit
1269 1393 1436 1455 dominam
1467 1412 1534 1454 ma·

269 1511 350 1561 trem
375 1519 477 1561 suam.

375 1604 453 1665 Item
478 1604 650 1682 Johannes,
675 1602 760 1666 filius
783 1605 879 1683 iwan,
903 1618 1013 1667 contra
1038 1604 1165 1666 Mikech
1188 1605 1293 1686 primo
1326 1605 1439 1666 citatus
1468 1623 1532 1666 non

272 1711 460 1792 comparuit.

375 1818 454 1880 Item
476 1818 620 1880 Francha
634 1817 686 1879 die
703 1830 816 1879 octavo
834 1816 929 1878 debet
952 1815 1113 1898 deponere
1130 1816 1344 1898 juramentum
1361 1827 1533 1877 metsextus

268 1943 363 2006 super
381 1943 431 2002 eo,
448 1924 537 2005 quod
553 1924 621 2006 ipse
640 1923 671 1984 in
688 1922 830 1984 stacione
848 1921 981 1983 Marketi
998 1921 1124 1983 nullum
1141 1920 1318 2004 dampnum
1335 1941 1394 1983 nec
1413 1919 1533 1983 furtum

270 2029 331 2091 sibi
355 2028 439 2091 fecit.

378 2134 454 2196 Item
481 2135 656 2196 Markettus
672 2134 724 2196 die
741 2147 855 2196 octavo
879 2133 974 2195 debet
990 2131 1327 2214 metsecundusjurare
1345 2147 1453 2195 contra
1471 2133 1530 2195 Pe·

268 2254 364 2320 trum,
389 2240 491 2303 filium
516 2240 670 2302 Valterini
692 2260 788 2323 super
815 2259 865 2319 eo,
897 2239 985 2322 quod
1008 2240 1075 2323 ipse
1100 2238 1204 2322 ipsum
1236 2239 1425 2301 vulneravit.
1449 2240 1529 2301 Item

270 2361 380 2410 contra
404 2347 574 2410 Nicolaum
599 2347 755 2408 similiter.
779 2347 856 2408 item
881 2359 990 2408 contra
1015 2344 1206 2407 Michaeiem
1223 2345 1385 2423 similiter;
1410 2359 1440 2408 et
1458 2346 1533 2407 licet

269 2452 326 2516 filii
350 2455 506 2516 Valterini
523 2447 784 2532 contradixerint,
807 2465 914 2514 tamen
937 2452 998 2514 hoc
1016 2451 1102 2514 idem
1119 2453 1284 2513 convocati
1303 2452 1439 2513 maiores
1455 2451 1533 2513 civi·

269 2561 342 2622 tatis
365 2561 593 2643 approbarunt.

374 2666 452 2727 Item
477 2665 622 2727 Andreas
645 2664 735 2727 faber
758 2664 809 2726 die
834 2678 947 2726 octavo
964 2663 1059 2726 debet
1081 2664 1185 2746 jurare
1216 2664 1398 2726 mettercius
1423 2676 1532 2726 contra

270 2771 444 2833 Martinum
468 2770 571 2833 filium
595 2769 761 2832 Anthonii.

375 2877 453 2938 Item
485 2876 661 2958 Gregorius
691 2891 797 2938 custos
828 2875 1011 2956 vigiliarum
1043 2875 1094 2936 die
1126 2888 1240 2938 octavo
1272 2874 1368 2937 debet
1390 2876 1531 2937 testimo-

269 2983 360 3045 nium
385 2983 561 3065 producere
586 3002 659 3045 cum
686 2982 773 3060 Wlk,
798 2982 893 3061 iwan,
918 2995 1027 3043 contra
1044 2981 1224 3043 iohannem
1254 3001 1409 3063 generum
1434 2981 1532 3042 Pinti-

270 3087 371 3172 kachy
394 3107 489 3170 super
514 3107 564 3168 eo,
588 3087 675 3170 quod
699 3087 766 3173 ipse
790 3087 830 3149 de
854 3088 953 3149 domo
977 3107 1034 3149 sua
1059 3087 1205 3149 exeundo
1230 3088 1359 3149 armatis
1382 3087 1532 3149 manibus

268 3214 363 3277 super
386 3214 460 3255 eum
484 3195 584 3257 irruit.
1227 3184 1232 3203 ⁴

375 3301 454 3362 Item
479 3299 592 3362 Kusilo
615 3312 724 3361 contra
749 3300 923 3362 Martinam
947 3312 978 3361 et
1002 3300 1169 3362 Simonem
1192 3300 1298 3384 primo
1330 3300 1442 3362 citatus
1466 3319 1531 3361 non

269 3406 458 3488 comparuit.

373 3510 453 3574 Item
477 3512 504 3574 J.
528 3531 626 3593 gener
650 3510 838 3595 Pintikachy
862 3511 913 3573 die
938 3525 1051 3574 octavo
1069 3512 1164 3574 debet
1187 3512 1364 3593 producere
1388 3511 1530 3573 testimo·

269 3617 359 3678 nium
383 3630 493 3679 contra
519 3615 710 3698 Gregorium
736 3637 808 3679 cum
833 3616 914 3679 Vole
937 3630 1057 3679 sartore
1081 3637 1175 3699 super
1199 3616 1283 3679 iacto
1307 3618 1487 3682 vulnerum.

376 3722 452 3783 Item
490 3723 646 3784 Lubanka
678 3723 730 3784 die
762 3735 876 3785 octavo
915 3723 1010 3785 debet
1041 3724 1145 3785 iurare
1184 3722 1390 3785 metsecunda
1422 3737 1531 3786 contra

270 3828 408 3890 Hemam
433 3848 528 3912 super
552 3827 708 3903 effusione
731 3830 906 3912 sanguinis.

412 4062 509 4139 Feria
537 4074 635 4138 sexta
663 4068 819 4155 proxima
846 4076 924 4140 ante
951 4068 1074 4140 festum
1102 4070 1192 4141 beati
1222 4069 1400 4142 Benedicti.

815 4221 876 4297 (ro.
892 4218 990 4298 J'ulir).

374 4378 451 4438 Item
490 4378 620 4463 Mathey
655 4378 694 4440 de
734 4379 884 4440 Pobresia
922 4393 1032 4441 contra
1070 4379 1109 4442 G.
1146 4379 1287 4442 secundo
1320 4381 1433 4442 citatus
1465 4401 1529 4442 non

268 4484 458 4567 comparuit.

374 4589 450 4651 item
476 4590 562 4653 iwan
586 4590 692 4674 Drazy
715 4605 824 4654 contra
848 4592 985 4654 Paulum
1008 4594 1114 4675 primo
1131 4593 1244 4655 citatus
1261 4613 1325 4654 non
1340 4595 1529 4677 comparuit.

375 4695 456 4758 Item
481 4695 649 4781 Philippus
673 4710 782 4761 contra
806 4699 974 4761 Marenum
990 4699 1095 4782 primo
1117 4699 1229 4761 citatus
1245 4719 1310 4761 non
1340 4701 1530 4783 comparuit,

269 4799 322 4864 die
345 4816 461 4886 octavo
485 4801 582 4867 debet
604 4804 809 4888 respondere.
