3488 5250
576 352 579 357 ’
615 357 701 413 Anno
724 352 817 432 1364.
842 388 883 397 -
907 368 958 428 19.
974 352 1127 430 januarz’t'.

230 566 338 629 fecerit
368 585 426 628 nec
457 565 603 628 conscius
635 563 730 627 fuerit
761 565 903 647 dampno
935 563 974 625 de
1006 563 1140 641 eodem,
1172 562 1259 644 quod
1294 564 1360 644 ipse
1392 565 1494 625 Bene·

235 672 337 734 dictus
361 691 417 753 per
440 690 530 732 suam
556 669 710 732 facturam
727 669 904 753 dampnum
929 669 956 730 V
981 688 1157 730 marcarum
1183 688 1249 729 non
1274 668 1441 730 incurrerit

339 778 416 839 Item
430 776 594 858 Jurglinus
618 774 747 858 pellifex
761 789 871 837 contra
888 776 962 837 Kun
980 775 1084 856 prImo
1098 775 1210 836 citatus
1224 793 1288 835 non
1303 774 1494 856 comparuit.

339 882 416 944 Item
441 901 542 964 usque
567 881 747 963 quindenas
771 880 873 942 Draxe
897 894 1024 942 tenetur
1054 880 1178 942 solvere
1212 880 1348 963 Maryno
1380 879 1496 940 LatIno

235 1002 373 1071 quatuor
389 1007 511 1050 marcas
527 1001 558 1048 et
574 987 600 1048 L
621 986 770 1049 denarios
794 987 869 1068 quia
893 986 1010 1049 iuravit
1025 1005 1120 1066 super
1133 985 1211 1061 hoc;
1236 985 1303 1066 ipse
1326 1004 1403 1046 vero
1420 985 1496 1066 quia

235 1109 282 1156 ter
305 1095 419 1157 citatus
442 1113 507 1155 non
531 1092 712 1175 comparuit
734 1091 808 1154 ideo
832 1093 864 1153 in
892 1092 1020 1154 duobus
1043 1091 1169 1172 judiciis
1192 1091 1353 1155 remansit.

341 1201 418 1262 Item
442 1200 530 1261 Elias
554 1218 670 1281 parvus
692 1199 797 1280 prImo
813 1198 927 1261 citatus
950 1212 1060 1261 contra
1085 1200 1193 1280 Matey
1216 1217 1281 1259 non
1306 1198 1496 1279 comparuit.

341 1306 418 1369 Item
443 1306 518 1388 quia
543 1305 685 1367 Briccius
711 1305 810 1367 tercio
841 1306 955 1368 citatus
986 1319 1094 1367 contra
1120 1305 1296 1387 Symonem
1320 1323 1385 1366 non
1410 1323 1497 1365 com·

235 1413 350 1494 paruit,
375 1412 448 1474 ideo
472 1425 656 1494 compareat
679 1409 756 1512 sepia
781 1425 866 1473 sexta
891 1430 964 1473 cum
989 1412 1116 1473 duobus
1140 1411 1277 1473 iudiciis.

463 1647 560 1720 Feria
589 1658 686 1720 sexta
714 1656 790 1737 post
817 1648 939 1720 festum
965 1650 1074 1719 sancti
1104 1647 1273 1720 Anthonii.

743 1801 809 1876 (19.
824 1801 989 1876 januaris).

343 1938 451 2000 Primo
484 1938 632 2002 Christan
668 1954 777 2000 contra
810 1939 1015 2022 Leupoldum
1047 1940 1224 2002 institorem
1257 1939 1297 2001 ad
1326 1954 1400 2001 octo
1431 1939 1499 2000 dies
1577 1961 1581 1967 ¹

233 2045 408 2106 terminum
434 2045 554 2127 recepit
578 2045 803 2128 respondendi.

320 2151 421 2212 'Item
446 2170 540 2212 causa
564 2171 626 2233 que
656 2151 788 2213 vertitur
819 2151 900 2212 Inter
932 2152 1021 2213 Kurk
1046 2164 1076 2212 et
1108 2151 1281 2212 Martinam
1307 2151 1430 2234 Reyniz
1454 2164 1500 2212 est

236 2256 275 2318 ad
301 2270 374 2319 octo
398 2257 468 2318 dies
490 2270 660 2339 prorogata
684 2256 725 2317 ad
753 2275 875 2338 pacem.

341 2362 419 2424 Item
443 2383 536 2425 causa
560 2362 708 2425 Nicholai
732 2361 900 2425 frenatoris
923 2376 955 2424 et
978 2362 1109 2424 Heanci
1132 2363 1260 2425 sartoris
1292 2376 1339 2426 est
1361 2363 1498 2425 deducta

239 2468 279 2530 ad
303 2482 378 2530 octo
402 2469 479 2532 dies.

343 2575 421 2636 Item
445 2587 559 2638 octavo
583 2574 635 2636 die
660 2575 703 2637 M.
729 2575 888 2636 Leunardi
915 2574 1032 2635 iurabit
1064 2589 1173 2636 contra
1198 2574 1360 2637 Andream
1386 2575 1499 2637 Pulani

237 2699 270 2740 se
290 2680 450 2742 secundus
466 2699 561 2762 super
586 2700 636 2760 eo,
661 2694 695 2742 ut
719 2680 875 2760 debitum,
892 2680 980 2762 quod
1003 2681 1117 2762 repetit
1128 2699 1224 2762 super
1240 2700 1290 2759 eo,
1314 2681 1374 2742 sibi
1392 2681 1500 2763 quoad

241 2785 339 2845 vitam
363 2805 453 2847 suam
477 2805 543 2847 non
567 2786 751 2849 indulsisset
774 2786 994 2869 repetendum.

344 2891 421 2953 Item
446 2904 560 2953 octavo
584 2891 635 2952 die
660 2891 777 2971 jurabit
797 2892 914 2954 Paulus
939 2893 1041 2974 pictor
1057 2892 1145 2973 quod
1171 2911 1204 2953 se
1229 2911 1294 2954 non
1319 2892 1501 2974 promiserit

238 3010 403 3079 expectare
429 2997 473 3059 St.
498 2997 690 3059 stacionario
713 2998 837 3059 solvere
861 2997 1007 3059 debitum
1031 3017 1133 3079 usque
1158 2998 1375 3061 Nativitatem.

345 3103 423 3164 Item
458 3103 566 3164 relicta
600 3102 728 3166 Martini
764 3103 847 3164 Wos
882 3117 991 3164 contra
1027 3104 1134 3186 Matey
1164 3103 1269 3185 primo
1311 3105 1403 3166 citata
1435 3124 1500 3166 non

240 3209 428 3291 comparuit.

345 3315 423 3377 Item
448 3316 586 3377 Michael
611 3315 711 3378 Saffar
742 3329 851 3377 contra
876 3315 1056 3376 Iohannem
1088 3315 1241 3396 therger
1273 3316 1312 3375 ad
1337 3330 1410 3377 octo
1434 3315 1502 3378 dIes

240 3421 413 3482 terminum
438 3421 556 3502 recepit
580 3421 807 3503 respondendi.

308 3521 311 3527 ’
347 3526 423 3588 Item
449 3527 560 3588 Petrus
592 3527 765 3608 Hungarus
795 3526 938 3589 secundo
969 3525 1081 3587 citatus
1111 3541 1221 3588 contra
1251 3525 1371 3587 chhk
1401 3526 1502 3608 pisca-

241 3646 344 3713 torem
369 3651 433 3693 non
459 3633 647 3714 comparuit.

347 3738 425 3799 Item
449 3738 642 3800 Benedictus
675 3738 798 3821 Braych
830 3751 941 3799 contra
966 3737 1145 3799 Iohannem
1170 3737 1332 3799 Christine
1365 3737 1406 3798 ad
1430 3751 1503 3799 octo

241 3845 309 3905 dies
332 3844 506 3906 terminum
531 3844 650 3926 recepit
674 3844 900 3926 respondendi.

347 3951 424 4012 Item
449 3950 536 4012 Elias
559 3970 676 4032 parvus
699 3964 807 4012 contra
825 3951 932 4033 Matey
949 3950 989 4012 ad
1011 3964 1084 4011 octo
1101 3949 1170 4010 dies
1186 3949 1361 4010 termInum
1385 3951 1505 4031 recepit

243 4056 468 4139 respondendi.

347 4161 425 4223 Item
450 4182 500 4223 ser
522 4160 702 4223 Puchocius
735 4160 891 4244 Betnichy
924 4162 956 4223 in
989 4161 1087 4223 nostri
1121 4162 1284 4242 presencia
1315 4161 1505 4222 constitutus

244 4289 321 4352 pure
346 4281 376 4329 et
400 4268 587 4349 simpliciter
610 4265 810 4346 fraternitati,
827 4267 959 4346 caritati,
984 4267 1206 4328 communioni
1230 4281 1260 4328 et
1284 4266 1405 4328 cunctis
1429 4267 1506 4328 actis

243 4373 381 4456 Thadey
404 4371 507 4435 fratris
531 4373 579 4434 sui
604 4392 660 4434 sua
679 4388 709 4435 et
726 4373 810 4434 Petri
828 4371 932 4435 fratris
949 4373 997 4434 sui
1015 4373 1083 4434 vice
1100 4386 1131 4434 et
1148 4373 1279 4435 nomine
1297 4373 1505 4434 renunciavit.

350 4479 427 4541 Item
441 4473 606 4562 'Marynus
623 4496 732 4542 contra
751 4479 924 4541 Martinum
949 4479 989 4540 ad
1007 4494 1079 4541 octo
1104 4479 1172 4540 dies
1188 4479 1362 4540 terminum
1386 4479 1506 4560 recepit

244 4584 471 4669 respondendi.

243 4726 246 4733 ·
350 4692 426 4755 Item
452 4692 563 4753 Petrus
587 4689 683 4754 frater
706 4692 781 4753 Jaxe
805 4691 925 4774 pluries
953 4691 1056 4753 extitit
1086 4703 1288 4773 protestatus,
1318 4690 1407 4772 quod
1431 4690 1507 4772 quia

244 4800 360 4862 domus
384 4815 440 4859 sua
464 4798 497 4859 in
515 4798 740 4880 persecucione
757 4796 894 4860 ciuitatis
909 4797 1062 4859 omnibus
1079 4797 1182 4875 bonis,
1207 4796 1345 4858 maxime
1362 4796 1508 4878 pluribus
