3488 5250
636 316 723 373 Anno
747 313 836 391 1356.
874 349 905 357 -·
928 327 976 372 21.
992 313 1085 388 junii.

281 423 559 430 .--ς-.-

355 536 477 608 Tereia
505 534 591 607 feria
619 536 776 623 proxima
804 540 882 622 post
910 531 1033 602 festum
1062 537 1178 601 sancte
1204 529 1397 600 Trinitatis.

779 667 840 744 (21.
855 667 963 743 jumi).

202 869 207 879 ι
347 792 455 852 Primo
480 791 646 853 Emericus
670 789 816 852 Kochich
833 802 942 851 contra
967 789 1123 849 loannem
1141 786 1249 849 Ordus
1272 787 1376 867 primo
1393 786 1513 875 citatus.

240 914 307 956 non
335 897 523 977 comparuit.

352 1001 428 1062 ltem
455 1021 548 1063 causa
573 1020 636 1082 que
660 1001 794 1062 vertitur
826 1000 907 1062 inter
931 999 1061 1060 Petrum
1085 1012 1116 1060 et
1138 997 1346 1059 Dominicum
1378 996 1506 1058 racione

245 1102 1505 1188 cuiusdamfideiussionisadponendamracionemadXVdiemestprorogata.

348 1213 426 1274 ltem
456 1212 580 1275 Petrich
609 1226 698 1275 sutor
731 1225 840 1274 contra
873 1210 1044 1272 Radozlou
1074 1210 1227 1292 pistorem
1259 1209 1363 1291 primo
1394 1209 1507 1270 citatus

242 1337 308 1379 non
333 1319 521 1401 comparuit.

347 1423 426 1485 Item
450 1425 615 1486 lanzlinus
640 1438 750 1486 contra
776 1422 966 1485 Kussicham
996 1421 1036 1482 ad
1061 1434 1133 1483 octo
1158 1421 1226 1482 dies
1257 1421 1377 1503 recepit
1399 1420 1507 1481 termi-

242 1547 320 1589 num
344 1528 384 1590 ad
406 1530 678 1611 respondendum.

347 1635 424 1696 ltem
449 1635 571 1717 Wythe
595 1648 704 1697 contra
729 1635 835 1696 Frlich
859 1634 1000 1696 secundo
1025 1635 1137 1696 citatus
1158 1652 1223 1695 non
1248 1633 1439 1715 comparuit.
1529 1616 1535 1626 ⁸

349 1739 428 1801 ltem
459 1741 623 1822 Ztoyanus
656 1741 695 1802 de
728 1741 882 1803 Pobrezia
914 1740 954 1802 ad
979 1753 1051 1801 octo
1085 1738 1153 1799 dies
1183 1758 1201 1800 a
1232 1736 1313 1800 festo
1338 1739 1421 1800 beati
1453 1739 1506 1800 lo-

242 1842 357 1905 bannis
381 1845 516 1927 baptiste
538 1857 665 1908 tenetur
691 1846 827 1908 reddere
851 1845 1016 1928 quoddam
1039 1844 1143 1905 linum
1167 1843 1319 1908 Jurizlao.

348 1950 426 2011 ltem
451 1951 647 2034 Meynardus
673 1965 784 2013 contra
807 1950 954 2014 Plahtich
977 1950 1082 2031 primo
1106 1949 1219 2010 citatus
1234 1968 1299 2009 non
1317 1950 1506 2031 comparuit.

349 2056 427 2117 ltem
452 2056 613 2119 lohannes
644 2057 885 2119 molendinator
915 2069 1023 2118 contra
1057 2054 1102 2117 St.
1126 2055 1167 2116 ad
1199 2067 1272 2118 octo
1296 2053 1365 2116 dies
1387 2056 1507 2137 recepit

244 2161 418 2223 terminum
441 2161 482 2224 ad
505 2162 778 2244 respondendum.

349 2267 427 2328 ltem
451 2267 555 2329 Draxe
580 2283 688 2330 contra
716 2269 855 2331 eundem
881 2268 926 2330 St.
950 2268 1057 2350 primo
1087 2268 1200 2329 citatus
1223 2287 1289 2330 non
1317 2269 1506 2350 comparuit.

349 2371 427 2435 ltem
437 2373 545 2435 Petres
554 2372 692 2435 carnifex
709 2374 885 2436 octavodie
895 2387 1005 2436 contra
1014 2373 1059 2436 St.
1069 2374 1159 2435 Kuce
1167 2387 1293 2435 tenetur
1301 2373 1506 2456 respondere.

349 2478 427 2540 ltem
450 2479 555 2541 Pousa
579 2492 687 2542 contra
713 2481 856 2542 Marcum
881 2478 1023 2541 secundo
1047 2480 1160 2540 citatus
1183 2498 1249 2541 non
1273 2480 1462 2562 comparuit.

349 2584 427 2645 ltem
438 2585 557 2647 Paulus
568 2599 658 2647 sutor
682 2598 791 2648 contra
809 2584 982 2668 Endreyko
996 2585 1101 2666 primo
1114 2585 1227 2646 citatus
1240 2604 1305 2647 non
1319 2585 1506 2667 comparuit.

349 2689 426 2752 Item
451 2690 559 2752 Petres
583 2690 724 2753 carnifex
748 2704 858 2753 contra
883 2688 922 2755 G.
949 2689 1105 2751 Ztaunich
1138 2690 1280 2751 secundo
1306 2690 1419 2752 citatus
1441 2709 1507 2752 non

246 2796 434 2877 comparuit.

349 2900 426 2964 ltem
448 2904 487 2965 N.
519 2902 603 2965 lilius
635 2903 790 2965 luandiak
822 2915 930 2964 contra
964 2902 1094 2963 Petrum
1126 2901 1268 2963 secundo
1293 2901 1406 2963 citatus
1441 2922 1506 2964 non

245 3009 434 3088 comparuit.

351 3114 428 3175 ltem
454 3115 610 3176 Martinus
634 3127 745 3176 contra
770 3113 941 3176 Crisanum
966 3114 1071 3196 primo
1092 3113 1205 3174 citatus
1228 3131 1294 3173 non
1319 3113 1507 3195 comparuit.

351 3219 429 3280 ltem
454 3220 554 3281 Brnar
578 3234 688 3281 contra
712 3219 867 3281 Voiinum
900 3218 1042 3280 secundo
1074 3219 1187 3280 citatus
1218 3237 1283 3280 non
1319 3219 1507 3300 comparuit.

351 3325 429 3386 ltem
452 3340 565 3387 octavo
590 3326 642 3386 die
667 3327 774 3387 Petres
797 3323 936 3387 carnifex
965 3324 1136 3406 assumpsit
1159 3343 1233 3385 cum
1257 3325 1390 3386 Mareno
1414 3337 1445 3386 et
1468 3326 1506 3386 N.

247 3429 447 3492 carnificibus
471 3444 656 3513 protestare,
682 3430 867 3512 quodcum
893 3430 1001 3492 Endre
1026 3429 1187 3491 habuisset
1210 3429 1426 3492 concordiam.

351 3533 428 3598 ltem
450 3536 568 3598 Paulus
592 3551 701 3598 contra
727 3537 805 3598 Pere
829 3536 971 3598 secundo
997 3536 1109 3597 citatus
1140 3555 1206 3596 non
1230 3536 1419 3616 comparuit.

352 3640 430 3703 Item
455 3662 547 3704 causa
573 3662 635 3724 que
653 3643 785 3703 vertitur
801 3642 884 3704 inter
901 3641 1077 3703 Martinum
1093 3654 1234 3703 sutorem
1261 3653 1291 3702 et
1323 3642 1366 3702 M.
1385 3641 1508 3724 Reyniz

246 3747 286 3807 ad
310 3760 384 3808 octo
408 3748 477 3809 dies
500 3763 546 3810 est
569 3762 750 3830 prorogata.

351 3853 429 3914 ltem
454 3874 534 3916 uxor
558 3856 596 3916 N.
621 3854 751 3916 sartoris
774 3866 888 3915 octavo
912 3853 963 3914 die
992 3866 1102 3913 contra
1125 3852 1288 3913 Andream
1312 3851 1426 3913 Pulani
1444 3865 1509 3914 met

247 3972 357 4039 quarta
382 3979 453 4021 cum
479 3960 673 4022 dominabus
696 3960 755 4020 sibi
780 3960 940 4021 similibus
964 3958 1150 4020 concivibus
1173 3958 1289 4018 nostris
1313 3970 1437 4018 tenetur
1454 3958 1509 4019 de·

246 4084 366 4146 ponere
391 4065 618 4146 juramentum.

352 4171 431 4232 Item
455 4173 647 4233 Lourandus
671 4191 774 4254 usque
791 4185 864 4234 octo
881 4171 949 4232 dies
964 4183 1091 4232 tenetur
1108 4170 1193 4231 exire
1217 4169 1257 4230 de
1283 4168 1381 4230 domo
1399 4168 1509 4231 Blasii.

352 4276 430 4337 Item
455 4277 592 4339 Michael
627 4277 714 4339 filius
737 4277 893 4340 Valterini
918 4291 949 4338 et
974 4277 1111 4337 Jacobus
1135 4274 1219 4336 filius
1242 4274 1440 4357 Pyntikachi,
1464 4288 1509 4336 te·

246 4394 309 4443 stes
332 4402 389 4464 per
413 4383 541 4444 Petrum
573 4396 726 4445 sartorem
760 4397 870 4444 contra
901 4381 1075 4464 quemdam
1105 4381 1312 4462 iobagionem
1345 4379 1510 4442 Michaelis

249 4487 395 4569 Hungari
419 4489 578 4570 producti,
603 4502 717 4551 octavo
741 4488 793 4550 die
816 4502 966 4550 tenentur
994 4488 1154 4568 deponere
1179 4486 1404 4564 juramentum.

356 4595 435 4655 ltem
459 4615 552 4656 causa
578 4615 640 4676 que
672 4596 805 4658 vertitur
832 4595 913 4657 inter
936 4594 1137 4655 Demetrium
1167 4605 1199 4654 et
1221 4592 1395 4674 quemdam
1427 4591 1509 4654 cliri-

248 4699 367 4761 cellum
393 4700 433 4761 ad
458 4715 531 4762 octo
556 4700 625 4762 dies
657 4715 703 4762 est
733 4714 915 4783 prorogata,
947 4716 1054 4761 tamen
1080 4701 1145 4780 ipse
1176 4698 1359 4760 Demetrius
1382 4699 1414 4759 in
1439 4717 1509 4780 pre·

247 4807 327 4869 senti
352 4805 472 4887 judicio
495 4807 686 4889 comparuit,
711 4808 778 4889 ipse
803 4826 879 4869 vero
904 4826 969 4868 non
991 4806 1089 4866 venit.
