3488 5250
646 369 847 450 Anno1362.
870 406 912 416 —
937 368 968 434 8.
984 374 1069 449 julii.
1432 390 1495 453 209

339 583 417 645 Item
443 584 611 645 Mortonos
634 583 765 645 sellator
781 596 889 645 contra
915 582 1035 643 Trosth
1053 582 1092 642 ad
1110 596 1182 643 octo
1207 583 1275 643 dies
1299 583 1419 664 recepit
1434 594 1495 643 ter-

235 689 361 750 minum
385 688 425 750 ad
448 687 722 771 respondendum.

339 793 417 855 Item
442 806 556 855 octavo
580 793 633 856 die
657 793 840 856 Demetrius
863 805 973 855 contra
998 792 1221 854 Sebastianum
1245 811 1301 874 per
1317 792 1498 854 Johannem

234 913 265 962 et
279 900 304 961 F
308 899 464 962 arcasium
474 897 600 961 fabrum
609 919 704 982 super
713 899 786 962 data
798 898 858 962 sibi
868 898 960 981 alapa
973 898 1193 960 testimonium
1202 897 1379 980 producere
1393 897 1498 960 debet.

339 1005 418 1066 Item
442 1024 536 1066 causa
561 1025 623 1087 que
648 1006 779 1067 vertitur
804 1005 885 1066 inter
909 1004 1052 1066 Blasium
1083 1004 1281 1066 sacerdotem
1306 1018 1338 1066 et
1362 1003 1498 1065 Paulum

234 1112 274 1173 ad
298 1115 371 1172 o'cto
396 1110 464 1172 dies
488 1123 535 1172 est
557 1110 599 1172 ad
616 1111 734 1193 'pacem
757 1122 938 1193 prorogata.

339 1216 417 1278 Item
442 1215 605 1278 Iohannes
629 1215 717 1278 faber
740 1215 883 1278 secundo
907 1215 1020 1277 citatus
1044 1228 1154 1277 contra
1179 1216 1414 1297 Margaretham
1432 1236 1498 1278 non
1583 1275 1586 1281 Α

234 1335 424 1405 comparuit.

339 1428 419 1489 Item
442 1427 626 1490 Anthonius
642 1426 785 1489 secundo
802 1427 915 1489 citatus
939 1439 1048 1489 contra
1065 1426 1111 1489 St.
1135 1440 1166 1490 et
1183 1427 1408 1489 Sebastianum
1433 1447 1498 1490 non

236 1534 426 1617 comparuit.

224 1627 227 1632 ’
340 1640 418 1701 Item
442 1641 481 1703 N.
505 1639 606 1701 ruffus
630 1652 739 1701 contra
763 1639 853 1701 Bank
876 1639 982 1722 primo
1014 1639 1127 1701 citatus
1151 1659 1216 1701 non
1243 1640 1432 1722 comparuit.

339 1747 417 1808 Item
452 1745 509 1808 filii
545 1746 666 1809 Vrbani
701 1759 811 1808 contra
844 1745 1008 1807 Donatum
1040 1759 1071 1807 et
1095 1745 1140 1808 St.
1170 1746 1276 1827 primo
1310 1746 1396 1808 citati
1432 1765 1498 1808 non

234 1865 493 1935 comparuerunt.
838 1923 840 1926 Α

339 1959 418 2022 Item
443 1939 565 2040 Mykou
589 1970 699 2019 contra
716 1957 893 2019 Martinech
917 1956 1060 2027 secundo
1081 1957 1194 2019 citatus
1217 1975 1284 2019 non
1308 1957 1498 2040 comparuit.

340 2064 418 2127 Item
444 2065 542 2130 Jurko
566 2076 680 2125 octavo
705 2063 756 2125 die
781 2083 837 2146 per
860 2083 1005 2143 uxorem,
1030 2062 1178 2124 Todcam
1200 2076 1230 2124 et
1255 2063 1372 2125 Katam
1390 2077 1499 2125 contra

233 2189 366 2231 uxorem
390 2169 524 2231 JaosIIni
549 2188 645 2252 super
668 2169 835 2252 vituperiis
857 2169 1079 2231 testimonium
1103 2168 1281 2251 producere
1305 2168 1411 2232 debet.
1551 2165 1552 2168 '

338 2275 417 2336 Item
440 2287 554 2336 octavo
579 2274 630 2336 die
656 2275 742 2337 Mike
766 2288 832 2337 met
855 2275 972 2337 tercius
1002 2287 1111 2335 contra
1136 2273 1258 2335 Lucam
1282 2274 1410 2336 iurabit.

339 2380 417 2442 Item
442 2380 601 2463 Georgius
626 2379 758 2443 Gianini
776 2393 885 2443 contra
909 2381 1015 2463 ipsum
1034 2381 1155 2441 Lucam
1179 2379 1285 2461 primo
1302 2380 1416 2442 citatus
1432 2399 1497 2443 non

234 2487 423 2568 comparuit.

339 2592 419 2655 Item
443 2592 550 2655 Boslro
581 2606 613 2656 et
644 2594 771 2654 Marcus
801 2606 912 2655 contra
944 2592 1124 2655 Johannem
1157 2591 1299 2654 secundo
1323 2590 1409 2654 citati
1433 2610 1499 2653 non

235 2681 494 2780 comparuerunt.

339 2804 418 2866 Item
442 2819 556 2867 octavo
581 2804 632 2867 die
654 2804 834 2868 Corrardus
855 2818 959 2868 textor
982 2817 1048 2867 met
1071 2805 1188 2868 tercius
1212 2804 1308 2867 debet
1330 2822 1365 2865 se
1389 2814 1498 2866 contra

233 2909 396 2991 quendam
420 2929 606 2993 expurgare.

339 3016 444 3078 Reum
456 3037 532 3078 vero
550 3037 643 3079 suum
653 3017 825 3100 quendam,
836 3016 963 3080 Chesiro
974 3017 1028 3078 ubi
1041 3016 1192 3095 inveniet,
1209 3016 1309 3098 possit
1325 3015 1497 3098 captivare.

339 3122 418 3184 Item
450 3123 482 3183 in
514 3123 686 3205 quindenis
718 3122 878 3205 Georgius
910 3137 1012 3185 sartor
1044 3122 1124 3184 duas
1147 3134 1178 3184 et
1205 3121 1346 3183 mediam
1377 3139 1499 3183 marcas

233 3227 328 3290 debet
358 3229 482 3290 solvere
508 3228 706 3311 Margarethe
731 3248 831 3312 quam
855 3243 1043 3292 cruentarat.

338 3335 416 3397 Item
440 3335 466 3396 ai
490 3335 637 3397 Andreas
660 3335 743 3398 tular
767 3355 868 3418 usque
892 3348 1020 3397 octavas
1037 3333 1164 3398 Kusech
1189 3347 1220 3395 et
1244 3333 1329 3395 Petri
1354 3332 1496 3394 inveniet

232 3442 445 3518 voluntatem,
469 3442 551 3503 bene
583 3441 725 3523 quidem,
757 3441 902 3523 alioquin
935 3441 1058 3503 iusticia
1075 3440 1292 3505 ¹exhibebitur
1323 3439 1400 3521 Ipsis
1430 3438 1499 3500 eius

234 3562 394 3629 exparte.

339 3654 418 3716 Item
442 3669 556 3715 octavo
581 3653 633 3715 die
657 3653 769 3716 Baniro
794 3661 904 3714 contra
929 3651 1058 3714 Kokoth
1083 3671 1139 3733 per
1162 3648 1327 3711 Andream
1351 3661 1382 3710 et
1398 3647 1499 3710 Geor-

233 3759 323 3841 gium
347 3779 442 3842 super
467 3760 632 3842 vituperiis
655 3758 876 3821 testimonium
900 3757 1077 3839 producere
1094 3757 1200 3835 debet,
1225 3768 1255 3816 et
1279 3754 1355 3836 quia
1379 3754 1411 3815 in
1428 3773 1498 3837 pre-

232 3866 313 3926 senti
339 3865 459 3927 iudicio
485 3879 613 3948 recepto
637 3866 677 3927 ad
695 3864 939 3947 responsionem
962 3864 1101 3926 termino
1118 3882 1183 3924 non
1207 3861 1305 3939 venit,
1322 3860 1354 3921 in
1372 3860 1499 3923 duobus

233 3969 361 4051 judiciis
385 3972 547 4034 remansit.

268 4187 366 4261 Feria
393 4198 493 4261 sexta
520 4194 677 4279 proxima
704 4197 781 4279 post
808 4197 948 4263 octavas
977 4191 1152 4261 beatorum
1180 4188 1272 4260 Petri
1302 4195 1335 4260 et
1363 4187 1459 4259 Pauli

743 4314 983 4403 apostolorum.

781 4462 828 4540 (8.
845 4466 944 4542 julii).

340 4606 447 4667 PrImo
471 4619 586 4668 octavo
611 4605 664 4667 die
690 4605 846 4668 Martinus
880 4605 913 4667 in
946 4605 1120 4687 quindenis
1151 4616 1260 4666 contra
1285 4601 1498 4663 Laurencium

233 4732 267 4774 se
290 4713 406 4775 tercius
430 4732 597 4795 supereo,
622 4711 710 4794 quod
735 4712 841 4794 ipsum
867 4731 931 4774 non
949 4711 1146 4773 verberasset
1169 4721 1404 4770 sacramentum
1427 4727 1499 4790 pre-

233 4831 316 4881 stare
338 4831 476 4881 tenetur.

1395 4921 1434 4982 ¹4
