3496 5242
599 342 687 399 Anno
708 338 800 417 1356.
823 373 866 384 -
888 355 941 417 29.
965 343 1134 403 novembris.

345 550 421 613 Item
448 551 565 613 Mahen
590 566 699 613 contra
729 551 929 633 Dragacham
958 566 1072 613 octavo
1103 552 1155 614 die
1189 553 1426 636 perhemptorie
1456 567 1502 616 te-

240 670 334 719 netur
358 657 561 739 respondere.

346 764 424 824 Item
448 764 553 825 Draxe
577 777 686 826 contra
710 762 912 826 Anthonium
934 764 1071 826 condam
1097 763 1236 846 judicem
1260 765 1367 847 primo
1391 766 1503 827 citatus

239 887 305 930 non
330 871 519 951 comparuit.

346 975 425 1036 Item
447 989 561 1037 octavo
576 976 629 1038 die
646 978 685 1038 N.
703 976 921 1058 carpentarius
934 991 1043 1038 contra
1061 978 1142 1038 Zore
1159 989 1285 1039 tenetur
1300 975 1494 1058 respondere

345 1080 423 1142 Item
448 1082 573 1143 Blasius
595 1095 705 1143 contra
729 1082 811 1144 Zore
834 1083 940 1164 primo
965 1082 1077 1144 citatus
1102 1101 1166 1144 non
1191 1083 1381 1164 comparuit.

345 1187 425 1248 Item
449 1187 601 1248 Mihelich
627 1201 737 1249 contra
762 1189 918 1250 Marinum
951 1189 1057 1271 primo
1080 1189 1193 1250 citatus
1224 1207 1289 1250 non
1314 1186 1503 1270 comparuit.

345 1292 423 1355 Item
447 1293 556 1354 relicta
581 1293 691 1355 Jacobi
716 1293 830 1373 judicia
861 1295 968 1375 primo
999 1295 1092 1356 citata
1117 1308 1227 1356 contra
1260 1293 1404 1355 Pezdech
1436 1312 1502 1355 non

240 1400 429 1481 comparuit.

345 1505 422 1566 Item
448 1507 556 1569 relicta
581 1506 797 1569 Mekkochren
829 1522 939 1569 contra
970 1507 1093 1570 Obram
1117 1506 1212 1568 Zolar
1242 1504 1385 1568 secundo
1409 1504 1502 1566 citata

239 1628 305 1670 non
334 1614 522 1695 comparuit.

345 1718 423 1780 Item
459 1720 596 1781 Jancech
631 1719 791 1782 aurifaber
830 1733 939 1781 contra
976 1719 1111 1781 Paulum
1146 1719 1251 1800 primo
1286 1717 1400 1778 citatua
1434 1733 1500 1776 non

239 1824 428 1906 comparuit.

346 1930 424 1992 Item
448 1951 541 1992 cauea
567 1951 630 2011 que
654 1933 786 1993 vertitur
811 1933 892 1993 Inter
917 1931 957 1993 G.
975 1932 1056 1992 Zuik
1081 1945 1112 1992 et
1135 1932 1204 1992 Kus
1227 1951 1264 1993 ac
1288 1928 1418 2011 Endrey
1435 1947 1502 1990 car·

239 2035 367 2098 nificem
391 2038 431 2098 ad
456 2051 528 2099 octo
553 2037 620 2098 dies
644 2052 690 2098 eat
714 2052 893 2118 prorogata.

346 2143 422 2204 Item
447 2163 540 2205 causa
565 2162 627 2223 que
651 2142 783 2204 vertitur
807 2144 888 2204 inter
906 2145 1086 2204 Marketum
1111 2157 1142 2205 et
1158 2145 1302 2207 Marcum
1326 2143 1502 2206 Boniolum

239 2248 278 2310 ad
304 2262 376 2311 octo
402 2251 469 2310 dies
493 2264 539 2310 eat
562 2263 744 2331 prorogata.

378 2469 472 2547 Nota.
501 2469 587 2558 quod
617 2471 651 2539 in
677 2468 796 2556 vigilia
823 2469 901 2540 festi
929 2470 1019 2540 beati
1048 2467 1177 2540 andree
1205 2471 1360 2558 apostoli.

733 2622 797 2696 (29.
822 2623 1002 2697 novembris).

348 2779 455 2840 Primo
481 2798 573 2839 causa
606 2799 668 2859 que
700 2779 832 2841 vertitur
864 2779 945 2841 inter
976 2780 1014 2840 N.
1040 2795 1070 2841 et
1104 2781 1246 2841 Lucham
1271 2802 1288 2842 a
1314 2779 1392 2841 feria
1416 2794 1502 2842 sexta

241 2886 282 2947 ad
307 2901 379 2947 octo
404 2885 471 2947 dies
496 2899 542 2946 est
564 2901 745 2966 prorogata.

347 2992 424 3051 Item
450 2991 646 3051 Laurentius
677 2990 761 3052 filius
792 2991 930 3052 Vardich
962 3005 1071 3052 contra
1097 2992 1123 3052 J.
1148 2989 1256 3052 Ordus
1287 2991 1429 3052 secundo
1460 2991 1502 3052 ci-

241 3112 323 3159 tatus
347 3118 411 3158 non
437 3098 627 3177 comparuit.

345 3204 422 3265 Item
448 3204 492 3265 St.
518 3202 613 3263 irater
644 3204 806 3265 Lourandi
838 3219 948 3266 contra
978 3204 1142 3266 Andream
1173 3205 1372 3266 sacerdotem
1397 3189 1503 3286 primo

240 3308 360 3370 iudicio
385 3324 509 3370 tenetur
532 3311 769 3391 perhemptorie
794 3311 998 3391 respondere.

346 3416 424 3476 Item
450 3416 593 3476 Marketo
619 3430 727 3477 contra
753 3417 909 3477 Iacobum
941 3416 1130 3498 Pintikachy
1162 3417 1266 3497 primo
1299 3417 1413 3478 citatus
1436 3436 1502 3477 non

240 3522 429 3603 comparuit.

345 3628 423 3688 Item
448 3647 540 3689 causa
565 3648 629 3708 que
653 3629 784 3689 vertitur
816 3629 898 3689 inter
923 3629 966 3689 M.
1002 3629 1140 3689 condam
1172 3629 1311 3689 iudicem
1337 3642 1367 3689 et
1392 3630 1502 3690 Maren

240 3747 381 3794 sutorem
406 3754 424 3793 a
449 3732 526 3795 feria
550 3749 635 3795 sexta
660 3735 700 3794 ad
725 3749 798 3796 octo
816 3735 884 3795 dies
909 3747 956 3795 est
979 3749 1160 3815 prorogata,
1184 3736 1209 3796 si
1228 3749 1332 3815 partes
1355 3754 1421 3796 non
1446 3755 1503 3817 po·

240 3852 349 3901 terunt
373 3839 579 3901 concordare.

346 3946 422 4007 Item
448 3946 556 4007 relicta
590 3947 699 4008 Jacobi
732 3947 869 4008 condam
902 3946 1016 4027 judicis
1048 3960 1156 4008 contra
1191 3947 1335 4008 Pezdech
1360 3947 1504 4010 secundo

240 4052 336 4114 citata
359 4071 425 4112 non
450 4053 639 4133 comparuit.

344 4157 422 4218 Item
447 4177 527 4218 uxor
552 4158 635 4219 Petri
660 4158 755 4219 Zolar
779 4173 893 4219 octavo
918 4158 969 4219 die
990 4174 1099 4220 contra
1125 4179 1257 4220 uxorem
1282 4160 1358 4220 Jake
1383 4161 1506 4222 iocula-

238 4261 317 4323 toris
340 4277 405 4324 met
428 4263 568 4324 secunda
591 4262 695 4344 jurare
718 4277 852 4326 tenetur.

344 4367 422 4429 Item
436 4370 556 4450 Ztepka
570 4383 679 4431 contra
696 4389 829 4431 uxorem
843 4368 988 4432 Cernech
1002 4371 1106 4451 prImo
1122 4371 1213 4432 citata
1229 4391 1295 4433 non
1309 4374 1499 4454 comparuit.

345 4475 423 4535 Item
448 4476 486 4537 N.
512 4489 621 4537 contra
646 4476 800 4537 Zaualam
825 4475 929 4557 prImo
955 4477 1067 4537 citatus
1092 4497 1157 4538 non
1182 4480 1374 4560 comparuit.

345 4581 423 4642 Item
447 4581 590 4642 Francha
614 4597 724 4643 contra
745 4583 783 4643 N.
809 4580 913 4661 Bolog
937 4582 1055 4662 recepit
1071 4582 1244 4644 terminum
1268 4585 1308 4645 ad
1333 4601 1406 4646 octo
1431 4586 1500 4647 dIes

240 4687 281 4749 ad
306 4687 579 4769 respondendum.

346 4793 424 4855 Item
448 4795 545 4855 Iuana
571 4808 680 4855 contra
703 4794 781 4855 Iuan
806 4791 908 4871 Galga
934 4793 1075 4854 secundo
1100 4796 1194 4858 citata
1222 4816 1287 4858 non
1316 4798 1505 4879 comparuit.
