3488 5250
565 568 663 642 Ferit
691 573 799 643 tercia
827 578 902 659 post
930 571 1052 642 festam
1081 569 1177 641 Galli.

766 724 826 799 (17.
850 722 993 787 octobris).

346 842 453 925 PrImo
478 882 571 925 causa
596 862 709 924 Iucech
734 877 843 924 contra
867 861 1047 923 Iohannem
1072 860 1113 922 ad
1138 874 1211 922 octo
1235 861 1304 922 dies
1327 860 1367 921 ad
1391 880 1503 943 pacem

239 984 287 1032 est
311 969 458 1032 deducta.

347 1076 424 1138 Item
450 1074 572 1138 Pethko
595 1089 704 1137 contra
728 1075 915 1154 magistrum
945 1073 1119 1135 Martinum
1150 1074 1341 1135 canonicum
1366 1072 1405 1134 ad
1429 1086 1504 1134 octo

241 1181 309 1243 dies
332 1181 505 1243 terminum
532 1180 651 1263 recepit
674 1179 902 1261 respondendi.

346 1287 423 1348 Item
441 1285 597 1348 Martinus
613 1299 701 1347 sutor
724 1300 833 1347 contra
850 1285 1056 1347 Dominicum
1082 1284 1121 1345 ad
1142 1300 1214 1346 octo
1238 1285 1307 1346 dies
1329 1283 1502 1346 terminum

243 1393 362 1476 recepit
390 1391 616 1474 respondendi.

345 1498 424 1560 Item
448 1511 561 1559 octavo
586 1497 637 1558 die
654 1497 766 1559 Petrus
787 1496 985 1558 Letouanich
1002 1510 1112 1558 contra
1129 1496 1263 1557 Machek
1288 1514 1320 1556 se
1343 1493 1504 1556 secundus

240 1603 365 1685 jurabit,
392 1603 480 1684 quod
504 1621 577 1663 eum
603 1622 660 1664 nec
677 1601 866 1684 percusserit
889 1621 948 1663 nec
971 1601 1132 1664 thraxerit.

345 1708 422 1770 Item
447 1721 561 1769 octavo
585 1707 637 1768 die
661 1708 737 1769 luan
757 1705 860 1788 Galga
884 1727 941 1788 per
960 1705 1089 1769 Gerdak
1113 1719 1145 1768 et
1166 1706 1272 1768 Eliam
1295 1719 1405 1767 contra
1429 1704 1502 1766 Jan-

241 1813 374 1896 zlynum
401 1812 597 1895 Krupichich
628 1833 723 1896 super
754 1832 804 1891 eo,
835 1813 922 1894 quod
954 1813 1137 1874 meretrices
1167 1812 1339 1874 servaverit
1360 1811 1503 1873 testImo·

241 1920 332 1981 nium
356 1919 521 2001 producet.

345 2025 423 2087 Item
448 2044 543 2086 causa
567 2023 692 2085 Nicolai
725 2023 890 2105 quondam
923 2023 1037 2102 judIcis
1061 2037 1092 2085 et
1124 2023 1231 2084 Endre
1262 2021 1433 2104 pannicide
1457 2034 1504 2083 est

240 2130 281 2191 ad
306 2144 380 2193 octo
405 2130 473 2192 dies
496 2144 676 2212 prorogata.

344 2236 422 2298 Item
456 2235 560 2297 Draxe
592 2249 701 2297 contra
734 2234 913 2298 Iohannem
947 2237 1124 2297 barbacum
1154 2235 1259 2317 primo
1291 2233 1403 2294 citatus
1435 2252 1502 2294 non

239 2343 428 2424 comparuit.

343 2447 420 2508 Item
446 2447 563 2508 Paulus
586 2448 698 2509 Bobek
714 2447 855 2508 secundo
880 2448 992 2509 citatus
1009 2461 1118 2509 contra
1143 2447 1305 2508 Donatum
1329 2466 1395 2508 non
1412 2464 1500 2507 com·

240 2553 354 2635 paruit.

346 2658 423 2720 Item
448 2673 561 2721 octavo
586 2659 637 2720 die
663 2659 818 2720 Martinus
841 2658 966 2742 Reyniz
990 2673 1099 2720 contra
1125 2656 1317 2739 Gregorium
1342 2658 1417 2718 laxe
1441 2677 1497 2739 per

241 2763 419 2825 Iohannem
445 2765 636 2843 Barbacum,
652 2763 801 2841 Bartucb,
825 2764 987 2825 Andream
1005 2762 1130 2825 fabrum
1155 2777 1186 2824 et
1211 2762 1389 2845 Georgium
1405 2765 1500 2825 Ztau·

239 2868 312 2930 nich
336 2870 557 2931 testImonium
582 2888 677 2951 super
700 2888 750 2948 en,
774 2868 862 2950 quod
879 2870 990 2931 vinum
1013 2869 1150 2930 condam
1174 2889 1231 2951 per
1255 2883 1417 2931 cantorem
1442 2888 1503 2931 suo

239 2974 271 3035 in
307 2975 436 3036 cellarIo
468 2975 675 3036 constitutum
707 2989 738 3036 et
767 2994 824 3056 per
854 2973 959 3057 ipsum
993 2975 1166 3036 Martinam
1199 2977 1239 3037 ab
1270 2975 1340 3059 ipso
1372 2988 1501 3036 cantore

238 3095 393 3163 emptum,
418 3081 479 3142 sibi
502 3081 641 3143 totaliter
658 3082 758 3143 libere
790 3101 894 3144 emere
918 3081 1098 3143 admisisset
1125 3096 1155 3144 et
1171 3082 1359 3164 pensionem
1385 3082 1502 3143 domus

238 3200 269 3247 et
292 3205 442 3247 vasorum
466 3186 526 3247 sibi
544 3186 743 3263 indulsisset3
768 3200 798 3247 et
818 3187 843 3248 si
861 3187 969 3248 medio
986 3202 1130 3268 tempore
1148 3187 1285 3249 Bartuch
1311 3207 1376 3249 non
1392 3208 1500 3270 super·

238 3293 371 3370 venerit,
395 3311 460 3353 non
484 3293 670 3354 succumbet
694 3293 858 3356 Martious.

343 3396 420 3459 Item
445 3397 535 3458 Achk
559 3398 701 3459 secundo
720 3399 833 3460 citatus
854 3411 963 3461 contra
988 3399 1162 3461 MartInum
1180 3399 1306 3483 Reyniz
1330 3418 1395 3460 non
1414 3419 1500 3461 com·

236 3503 351 3584 paruit.

343 3609 421 3670 Item
438 3629 531 3671 causa
547 3610 702 3671 Iohannis
726 3608 782 3671 filii
800 3610 928 3689 Cemer,
942 3630 999 3671 nec
1024 3630 1089 3671 non
1107 3610 1216 3673 uxoris
1239 3624 1270 3672 et
1294 3623 1500 3672 executorum

239 3714 279 3774 N.
303 3712 360 3774 filii
385 3714 538 3775 luandiak
564 3715 670 3776 taliter
695 3728 742 3777 est
765 3715 934 3777 terminata
966 3735 1022 3797 per
1045 3715 1188 3797 parcium
1213 3715 1388 3793 voluntate,
1411 3715 1499 3797 quod

238 3819 278 3880 de
304 3819 396 3880 bonis
421 3819 519 3901 Ipsius
543 3820 673 3881 Nicolai
700 3821 731 3881 io
757 3821 894 3882 crastino
918 3822 1012 3882 ambe
1037 3834 1141 3902 partes
1164 3820 1277 3902 viginti
1301 3833 1364 3881 tres
1387 3832 1419 3882 et
1434 3840 1500 3881 me-

238 3928 326 3988 diam
342 3946 473 4009 pensam
498 3926 701 3988 denariorum
725 3928 852 3989 solvent
869 3928 928 4010 ipsi
954 3927 1092 3990 Iohanni
1110 3946 1167 4008 pro
1192 3927 1301 3988 debito
1325 3945 1395 3999 suo,
1411 3926 1500 4007 quod

237 4032 323 4093 idern
341 4033 379 4094 N.
403 4032 514 4093 vivens
539 4047 750 4109 remanseran
774 4052 840 4114 quo
856 4033 973 4111 solutu,
990 4032 1209 4094 residuitatem
1234 4035 1394 4094 bonorum
1419 4032 1499 4093 divi-

237 4138 314 4198 dent
338 4136 495 4218 equaliter
520 4138 601 4198 inter
625 4158 669 4215 se,
686 4157 889 4219 quecumque
914 4152 1019 4199 autem
1037 4158 1109 4220 pars
1126 4138 1157 4198 id
1175 4139 1412 4219 contempserit,
1428 4136 1500 4199 talis

239 4262 311 4325 pars
335 4243 465 4304 totalem
500 4245 601 4324 ipsam
632 4244 832 4305 solucionem
865 4243 903 4304 de
936 4244 1001 4304 suis
1029 4244 1122 4305 bonis
1146 4242 1248 4306 Iacere
1279 4243 1439 4304 tenebitur
1469 4257 1501 4304 et

237 4349 377 4410 debebit.

342 4453 421 4515 Item
447 4453 514 4515 Cus
538 4468 647 4515 contra
673 4453 808 4515 Paulum
833 4455 989 4536 pictorem
1007 4455 1046 4515 ad
1071 4469 1144 4516 octo
1169 4455 1237 4516 dies
1261 4456 1435 4517 terminum
1452 4475 1499 4515 re-

236 4561 320 4642 cepit
344 4559 570 4641 respondendi.

343 4664 421 4727 Item
446 4664 523 4727 feria
547 4679 632 4727 sexta
656 4679 789 4727 ventura
810 4665 973 4747 JurgIInus
997 4664 1127 4748 pellifex
1144 4667 1317 4748 quemdam
1342 4665 1499 4729 famulum

236 4789 330 4831 suum
340 4770 472 4832 Enderli
485 4770 617 4847 nom'me
630 4784 738 4832 contra
752 4770 854 4833 filium
865 4770 1020 4833 Anthonii
1030 4771 1070 4832 ad
1083 4771 1238 4852 judicium
1247 4786 1384 4835 statuere
1394 4773 1498 4836 debet.
