3488 5250
238 335 256 397 6
628 333 714 389 Anno
736 342 823 409 1355.
848 367 892 376 -
916 347 964 394 Ιο.
988 336 1098 394 martii.

238 537 378 598 consorti
409 557 464 598 sue
497 538 585 601 dedit
616 559 741 601 servare
774 560 832 603 nec
867 542 959 605 scivit
988 564 1047 606 nec
1078 564 1207 626 presens
1239 544 1298 607 tuit
1330 547 1500 609 Barberius

239 655 433 722 prenotatus,
457 643 532 706 ideo
555 644 672 707 dictam
689 666 816 708 causam
841 647 882 708 ad
906 648 990 710 diem
1009 663 1158 712 octavum
1183 649 1316 713 fecimus
1332 653 1498 733 prorogari

238 746 279 807 ad
302 747 478 810 videndum
502 751 652 832 quitquid
677 752 851 834 expediens
875 751 970 815 fuerit
995 755 1027 816 in
1052 755 1224 837 premissis.

345 853 423 916 item
437 856 568 940 Mathey
583 858 720 939 piscator
736 872 844 921 contra
869 859 969 921 decan
987 860 1039 922 die
1057 875 1167 924 octave
1185 862 1281 924 debet
1296 863 1499 944 respondere.

345 960 423 1023 item
448 982 539 1024 causa
565 964 687 1025 Mareni
716 977 747 1026 et
778 965 897 1027 Emrici
930 965 1086 1028 carnificis
1109 967 1149 1029 ad
1181 968 1321 1050 primum
1345 967 1500 1048 judicium

191 1119 193 1123 Α
240 1066 395 1128 adventus
419 1067 542 1129 domini
567 1069 722 1131 Anthonii
749 1084 795 1131 est
819 1085 999 1151 prorogata.

346 1174 424 1235 Item
448 1175 614 1271 Farcasius
637 1173 776 1238 famulus
800 1177 944 1239 Franche
977 1178 1028 1238 die
1053 1191 1166 1239 octavo
1191 1178 1286 1240 debet
1310 1179 1501 1262 respondere

240 1292 350 1340 contra
375 1281 539 1341 Martonos
562 1280 756 1343 sellatorem.

346 1385 424 1446 Item
448 1404 506 1467 pro
530 1385 689 1464 Farcasio,
714 1387 868 1466 Francha‚
893 1400 924 1448 et
948 1387 1092 1449 Donatus
1109 1388 1229 1470 juratus
1252 1408 1310 1470 pro
1336 1390 1502 1452 Martonos

241 1490 400 1570 sellatore,
425 1492 622 1553 exstiterumt
645 1491 857 1556 fideiussores.

417 1709 515 1784 Feria
542 1713 650 1783 tercia
666 1715 834 1817 proxima
861 1720 939 1784 ante
968 1712 1168 1784 dominicam
1196 1714 1322 1786 Letare.

769 1847 831 1923 (10.
855 1848 978 1923 martit).
1107 1830 1111 1836 ⁷

348 2005 428 2069 Item
445 2006 582 2066 Jacobus
599 2005 754 2067 Heruatin
779 2005 874 2066 debet
890 2005 1110 2067 testimonium
1126 2004 1302 2086 producere
1320 2005 1372 2066 die
1388 2018 1504 2067 octavo

244 2132 316 2174 cum
343 2131 440 2173 uxore
466 2110 660 2174 Gurdauech
684 2124 715 2173 et
743 2111 845 2172 Paulo
875 2124 985 2172 contra
1018 2109 1232 2172 Laurencium
1265 2110 1378 2173 Secula
1410 2131 1505 2194 super

245 2216 327 2279 iacto
351 2217 574 2298 percussionis.

350 2322 428 2384 ltem
453 2322 561 2383 relicta
579 2320 681 2384 Gmaz
705 2336 815 2385 contra
831 2322 987 2404 quasdam
1008 2322 1159 2383 mulieres
1175 2321 1226 2383 die
1243 2335 1357 2384 octavo
1380 2335 1506 2383 tenetur

244 2428 481 2511 perhemptorie
505 2427 699 2510 respondere
722 2427 747 2488 si
772 2448 833 2509 pax
858 2427 940 2489 inter
964 2427 1091 2488 easdem
1116 2426 1183 2488 fieri
1208 2447 1273 2488 non
1297 2427 1423 2509 poterit.

352 2534 429 2595 ltem
453 2534 594 2595 Brumen
618 2533 670 2595 die
687 2547 801 2596 octavo
826 2547 936 2595 contra
954 2534 1145 2595 Markettum
1161 2546 1286 2594 tenetur
1302 2533 1506 2615 respondere.

350 2638 428 2702 Item
453 2639 599 2701 Donatus
621 2639 753 2721 juratus.

352 2746 430 2807 item
443 2747 483 2808 N.
497 2745 570 2806 Zirk
584 2759 694 2806 contra
707 2746 733 2808 J.
746 2759 900 2806 sartorem
914 2745 1054 2805 secunda
1070 2744 1224 2806 citacione
1236 2763 1301 2805 non
1318 2744 1507 2826 comparuit.

352 2852 429 2913 Item
444 2852 582 2912 Jacobus
594 2865 703 2912 contra
721 2851 893 2913 Drusinam
916 2850 1056 2911 secunda
1070 2851 1225 2911 citacione
1239 2870 1305 2912 non
1318 2851 1507 2932 comparuit.

353 2959 431 3020 Item
463 2957 563 3019 Perch
593 2970 701 3018 contra
729 2956 836 3018 Petres
867 2968 898 3017 et
927 2956 1092 3017 Emricum
1121 2957 1223 3038 prima
1255 2956 1411 3018 citacione
1441 2975 1507 3017 non

248 3063 437 3146 comparuit.

354 3170 432 3231 item
449 3168 623 3231 Martincus
647 3182 755 3230 contra
772 3168 937 3230 Emricum
954 3168 1056 3250 prima
1073 3168 1227 3229 citacione
1240 3188 1305 3229 non
1319 3169 1508 3250 comparuit.

354 3275 432 3338 Item
453 3274 541 3336 Elias
564 3289 672 3335 contra
698 3274 782 3336 lwan
808 3274 909 3355 prima
934 3275 1088 3336 citatione
1112 3293 1177 3335 non
1202 3273 1391 3354 comparuit.

355 3383 432 3443 item
465 3382 630 3442 Martonos
659 3396 748 3442 sutor
779 3394 888 3441 contra
919 3380 1101 3442 Dionisium
1140 3379 1335 3440 sacerdotem
1367 3379 1507 3440 secunda

250 3489 403 3551 citacione
428 3506 493 3549 non
518 3486 706 3568 comparuit.

356 3595 433 3656 ltem
458 3591 584 3654 Kusech
609 3606 718 3654 contra
734 3591 880 3653 Pezdech
898 3591 1038 3653 secunda
1056 3591 1210 3652 citacione
1234 3611 1300 3652 non
1318 3591 1509 3672 comparuit.

356 3700 433 3762 item
459 3698 618 3778 Georgius
641 3711 750 3760 contra
781 3697 887 3779 Sydak
912 3696 1014 3778 prima
1047 3697 1201 3757 citacione
1230 3716 1296 3757 non
1321 3695 1510 3778 comparuit.

356 3806 435 3867 Item
458 3804 566 3866 relicte
592 3802 733 3886 Gyonini
751 3817 797 3864 est
820 3804 975 3864 terminus
991 3803 1169 3884 assignatus
1185 3804 1225 3863 ad
1239 3802 1325 3864 diem
1349 3816 1510 3880 octavum,

250 3913 275 3974 si
300 3925 406 3974 ortum
430 3930 447 3971 a
472 3910 616 3971 Johanne
641 3909 764 3970 Zobota
786 3909 903 3990 poterit
924 3907 1092 3970 redimere.

356 4035 433 4096 Item
459 4035 545 4095 iwan
569 4033 698 4095 sellator
720 4046 829 4095 contra
851 4023 1086 4093 Lancholotum
1110 4031 1251 4093 secunda
1273 4031 1428 4093 citacione
1445 4049 1510 4091 non

252 4141 441 4222 comparuit.

357 4247 435 4308 ltem
453 4246 603 4308 Albertus
619 4243 728 4308 contra
746 4245 947 4307 Radozlaum
961 4245 1063 4327 prima
1079 4244 1234 4306 citacione
1247 4262 1312 4304 non
1323 4241 1512 4323 comparuit.

358 4353 436 4414 item
460 4352 590 4434 Endrey
615 4351 704 4414 Suizt
727 4365 836 4413 contra
860 4351 974 4432 Artuig
991 4352 1042 4412 die
1064 4364 1177 4412 octavo
1201 4350 1296 4411 debet
1319 4347 1512 4430 respondere

252 4458 499 4542 perhemptorie.

359 4564 437 4625 item
460 4563 547 4625 idem
572 4562 701 4646 Endrey
724 4562 801 4644 quia
820 4561 1023 4624 terminatam
1047 4580 1175 4622 causam
1200 4560 1338 4642 quesivit
1360 4559 1435 4620 ideo
1459 4558 1514 4618 de·

253 4669 495 4732 terminavimus
518 4668 606 4751 quod
631 4686 705 4730 cum
728 4667 856 4730 duobus
878 4665 1005 4750 judiciis
1029 4666 1165 4728 eandem
1190 4665 1340 4747 deponet,
1364 4664 1515 4726 videlicet

255 4775 288 4836 in
311 4794 406 4839 cauea
429 4788 538 4837 contra
562 4775 664 4836 Mark.
