3488 5250
241 324 300 403 158
652 327 737 384 Anno
761 323 853 402 1360.
878 360 920 369 —
937 341 973 403 3.
998 329 1108 388 martii.

344 534 422 595 Item
452 535 573 617 Wythe
604 547 705 597 sartor
737 550 846 597 contra
872 536 1064 619 Dyonisium
1095 537 1307 618 presbiterum
1330 537 1435 618 primo
1460 538 1503 599 ci·

237 653 321 700 tatus
345 659 411 701 non
440 641 629 722 comparuit.

344 745 422 807 Item
447 746 600 807 Nicolaus
631 748 779 808 sacerdos
810 762 918 810 contra
951 749 1094 809 Marcum
1131 748 1305 810 Boniolum
1330 749 1435 830 primo
1459 750 1502 810 ci·

236 864 320 912 tatus
345 871 410 912 non
436 853 624 933 comparuit.

344 958 421 1017 Item
446 957 603 1019 Martinus
627 956 711 1019 filius
727 958 896 1041 Wllrouoy
917 979 1019 1040 usque
1037 960 1216 1040 quindenas
1228 974 1353 1021 tenetur
1377 960 1501 1021 solvere

238 1060 384 1123 Cernech
408 1082 508 1144 parvo
532 1084 585 1124 sex
610 1083 734 1144 pensas.

345 1168 423 1230 Item
449 1169 597 1251 Mychael
620 1169 705 1231 filius
728 1170 840 1232 Kuche
863 1185 973 1232 contra
990 1172 1165 1233 Jurkonem
1180 1171 1284 1252 primo
1307 1170 1419 1231 citatus
1436 1189 1500 1231 non

238 1275 427 1355 comparuit.

344 1381 422 1442 Item
446 1381 592 1442 Andreas
615 1380 704 1443 faber
727 1396 836 1443 contra
853 1382 1024 1443 Nicolaum
1049 1381 1165 1443 ruffum
1182 1382 1287 1463 primo
1305 1381 1418 1442 citatus
1435 1400 1500 1442 non

238 1487 427 1568 comparuit.

343 1593 421 1653 Item
447 1593 491 1654 St.
516 1607 617 1654 sartor
641 1606 751 1655 contra
776 1593 915 1654 eundem
932 1594 1101 1655 Nicolaum
1127 1594 1166 1655 ad
1192 1608 1265 1655 octo
1289 1593 1358 1655 dies
1382 1593 1501 1674 recepit

236 1698 408 1760 terminum
435 1698 475 1759 ad
499 1698 772 1780 respondendum.

343 1805 421 1865 Item
448 1805 581 1887 Maryna
613 1805 775 1886 penestica
806 1818 915 1866 contra
939 1805 1153 1866 Wlkmanum
1184 1805 1289 1887 primo
1317 1805 1410 1866 citata
1434 1823 1499 1866 non

237 1910 426 1990 comparuit.

343 2017 421 2078 Item
447 2016 593 2078 Cernech
617 2016 772 2078 Zelezche
796 2036 898 2097 usque
927 2016 1106 2098 quindenas
1137 2029 1264 2078 tenetur
1287 2016 1410 2077 solvere
1437 2015 1500 2079 Ge·

238 2122 331 2203 orgio
356 2123 452 2183 Zolar
473 2123 532 2183 XV
556 2142 670 2203 pensas
694 2142 768 2183 cum
793 2122 898 2183 media
923 2122 1139 2184 denariorum.

343 2228 421 2288 Item
448 2226 624 2308 Gregorius
640 2242 749 2289 contra
764 2228 962 2289 Lukachium
980 2228 1085 2310 pritno
1102 2228 1214 2289 citatus
1229 2239 1298 2288 non·
1311 2227 1500 2310 comparuit.

344 2334 421 2394 Item
447 2333 535 2394 Elias
559 2353 675 2414 parvus
696 2353 798 2415 usque
815 2334 994 2414 quindenas
1017 2348 1142 2395 tenetur
1165 2334 1288 2395 solvere
1312 2334 1417 2396 Vanse
1434 2353 1498 2395 car-

237 2436 323 2498 nifici
348 2438 386 2498 III
412 2439 548 2500 cubulos
572 2438 734 2500 frumenti,

343 2545 421 2605 Item
447 2544 593 2606 Emricus
627 2544 770 2606 Kochich
802 2559 916 2606 octavo
948 2545 998 2605 die
1030 2559 1138 2607 contra
1171 2545 1313 2606 relictam
1337 2545 1413 2607 Kun
1443 2564 1501 2626 per

237 2649 354 2728 Petres,
379 2649 559 2711 Iohannem
583 2650 744 2711 Vidonich
769 2665 800 2712 et
832 2651 1000 2712 Mortonos
1031 2650 1214 2712 sellatorem
1246 2670 1342 2732 super
1365 2650 1404 2712 III
1429 2651 1499 2714 flor.

236 2755 458 2816 testimonium
483 2756 659 2836 producere
684 2754 788 2818 debet.

344 2860 421 2921 Item
440 2860 517 2921 Wlk
540 2860 625 2922 filius
642 2860 793 2922 DomIani
810 2860 850 2921 de
868 2861 1027 2922 Kraleuch
1045 2874 1154 2922 contra
1170 2861 1378 2923 Valentinum
1394 2862 1499 2944 primo

237 2965 349 3026 citatus
373 2985 438 3027 non
463 2966 651 3048 comparuit.

343 3070 421 3132 Item
446 3072 520 3133 licet
544 3071 647 3133 Draxe
671 3085 760 3132 sutor
783 3072 814 3131 in
840 3072 977 3153 presenti
998 3071 1118 3152 judicio
1142 3087 1251 3134 contra
1278 3073 1321 3134 St.
1346 3089 1499 3155 sutorem,

237 3194 334 3257 quem
360 3177 583 3258 captivaverat,
600 3196 785 3258 comparere
808 3176 979 3256 debuisset,
995 3191 1101 3238 tamen
1127 3197 1192 3239 non
1216 3179 1305 3241 venit
1327 3200 1386 3241 nec
1402 3182 1498 3244 misit.

341 3283 420 3343 Item
445 3283 556 3343 Petrus
580 3283 675 3343 Zolar
699 3296 809 3343 contra
826 3283 993 3344 Marenum
1017 3282 1156 3364 juratum
1173 3286 1278 3366 primo
1303 3288 1416 3349 citatus
1432 3308 1498 3350 non

237 3388 424 3468 comparuit.

237 3583 333 3670 Nota,
362 3587 450 3674 quod
478 3590 585 3658 tercia
614 3588 698 3658 lerIa
730 3593 885 3677 proxima
921 3597 998 3676 post
1035 3589 1235 3661 dominicam
1263 3591 1496 3666 RemIniscere.

697 3731 700 3735 ⁴
775 3743 817 3819 (3.
839 3741 961 3809 martii).

346 3876 453 3936 Primo
478 3876 654 3958 Gregorius
687 3894 795 3941 contra
828 3879 931 3941 filium
956 3880 1080 3941 Nicolai
1112 3881 1239 3961 pistoris
1269 3883 1311 3944 ad
1335 3898 1408 3946 octo
1431 3885 1500 3948 dies

236 3981 357 4060 recepit
379 3982 552 4043 terminum
577 3984 616 4044 ad
646 3985 916 4065 respondendum.

344 4085 422 4145 Item
448 4087 583 4148 llichael
600 4089 684 4149 filius
700 4090 811 4151 Kuche
836 4104 866 4150 et
879 4090 989 4151 Maren
1006 4091 1205 4172 Wragouich
1224 4108 1333 4156 contra
1351 4095 1498 4160 Cernech

237 4187 391 4249 Zelezche
415 4192 519 4270 primo
543 4193 628 4253 citati
652 4213 717 4254 non
750 4210 1006 4276 comparuerunt.

344 4295 420 4354 Item
445 4295 501 4356 filii
526 4296 634 4358 Rados
658 4313 767 4360 contra
784 4300 946 4361 Thomam
967 4302 1168 4383 gladiparum
1194 4305 1298 4385 primo
1327 4307 1414 4370 citati
1431 4329 1497 4372 non

239 4414 495 4476 comparuerunt.

344 4502 420 4562 Item
447 4503 570 4564 Malech
595 4506 689 4566 Zolar
713 4521 821 4568 contra
847 4509 992 4571 Cernech
1016 4530 1150 4592 parvum
1174 4515 1279 4594 primo
1301 4517 1415 4579 citatus
1432 4538 1497 4581 non

238 4621 426 4686 comparuit.

345 4711 422 4771 Item
447 4712 620 4794 Janzlynus
644 4729 753 4776 contra
777 4715 902 4779 Gorech
927 4718 967 4779 ad
991 4734 1063 4781 octo
1088 4721 1156 4782 dies
1179 4726 1300 4806 recepit
1321 4729 1498 4794 terminum

238 4810 278 4872 ad
303 4814 573 4893 respondendum.
