3488 5250
602 316 803 396 Anno1365.
825 352 870 364 -
891 328 921 395 7.
944 316 1116 378 novembris.
1436 336 1494 400 35¹

237 425 347 433 ——-—-

327 534 425 610 Ferla
451 545 550 610 nexta
576 539 731 627 ptuxlma
757 545 835 626 punt
860 537 985 608 lectum
1013 533 1167 608 Omnium
1193 543 1400 609 sanctornm.

743 692 787 770 (7.
808 690 991 768 novembris).

342 832 450 894 Primo
482 831 591 894 relicta
624 830 776 913 Symonia
813 830 846 891 in
878 829 1051 911 quindenis
1081 829 1205 891 solvere
1234 830 1331 892 debet
1364 829 1500 893 domino

239 938 332 999 Petro
355 936 423 1000 filio
447 937 565 1019 Ligerii
590 936 743 999 tredecim
767 935 907 998 florenos
929 954 1004 998 cum
1028 936 1147 998 medio.

343 1043 420 1106 Item
446 1062 540 1105 causa
564 1042 701 1104 Drusine
725 1055 834 1105 contra
863 1040 963 1103 Herih
988 1041 1028 1103 ad
1053 1041 1248 1123 peticionem
1277 1042 1408 1105 testium
1431 1043 1501 1106 eiua

238 1148 376 1212 Drusine
400 1148 440 1211 ad
465 1149 551 1210 diem
575 1162 724 1210 octavum
748 1148 788 1210 nd
813 1167 924 1230 pacem
949 1161 996 1209 eat
1026 1161 1208 1230 prorogata,
1231 1148 1257 1209 ai
1282 1146 1350 1210 fieri
1373 1148 1501 1230 poterit.

344 1255 423 1317 Item
454 1253 675 1316 testimonium
708 1253 833 1315 domini
864 1253 949 1315 Petri
980 1273 1065 1315 nunc
1093 1253 1208 1333 judicis
1238 1267 1348 1316 contra
1372 1255 1502 1317 Mnrlaua

239 1360 344 1424 filium
368 1358 526 1424 Gemzina
551 1358 651 1422 iidem
674 1371 770 1421 teate·
792 1358 833 1421 de
848 1358 997 1441 pluribus
1012 1359 1084 1421 aliie
1106 1359 1264 1421 consociia
1287 1359 1453 1423 resciendo
1470 1373 1502 1423 et

237 1465 461 1548 investigando
492 1465 544 1526 die
575 1478 690 1527 octavo
722 1463 883 1527 testificari
913 1464 1078 1528 debebunt
1106 1484 1146 1527 eo
1177 1466 1287 1545 modo,
1318 1467 1408 1548 quod
1433 1467 1501 1550 ipae

237 1573 369 1636 Marius
392 1574 477 1635 bona
500 1583 532 1634 et
556 1585 651 1653 caput
673 1570 830 1652 obligavit
857 1590 915 1654 pro
939 1571 1075 1634 Nicolao
1106 1570 1174 1634 filio
1203 1591 1264 1634 auo
1286 1572 1312 1634 ai
1335 1592 1435 1655 quem
1466 1574 1499 1636 in

238 1677 365 1741 civitate
389 1676 605 1741 vulneraverit
627 1675 679 1739 vel
702 1675 895 1739 interficerit.

342 1783 421 1846 Item
444 1781 629 1845 Radozlaua
650 1796 762 1844 contra
787 1782 864 1844 Petlr
888 1782 1028 1845 secunda
1052 1784 1209 1846 citacione
1225 1803 1292 1846 nou
1308 1786 1501 1868 comparuit.

341 1888 419 1951 Item
443 1889 582 1950 Jacobua
605 1887 741 1950 condam
766 1887 864 1967 judex
886 1900 996 1950 contra
1021 1888 1148 1951 Milaech
1171 1888 1275 1951 filium
1299 1890 1429 1954 Martini
1449 1890 1501 1953 die

237 2009 352 2059 octavo
375 1995 471 2057 debet
495 1994 687 2076 respondere
710 1993 958 2076 perhemptorie.

342 2102 421 2163 Item
445 2101 556 2163 Petrus
579 2098 676 2162 frater
699 2099 781 2163 Zore
805 2099 857 2161 die
877 2112 992 2161 octavo
1016 2098 1112 2162 debet
1135 2099 1356 2163 testimouium
1380 2102 1501 2184 produ·

238 2227 308 2270 cere
332 2226 406 2269 cum
431 2205 566 2269 Nicolao
590 2204 658 2268 filio
682 2203 847 2267 Benedicti
875 2216 906 2267 et
936 2204 1023 2267 Iwan
1046 2204 1133 2266 dIcto
1165 2205 1286 2268 Pluzna
1308 2225 1347 2268 ac
1370 2207 1501 2272 Andrea

237 2327 347 2375 contra
363 2313 407 2374 M.
424 2311 527 2374 filium
541 2311 671 2374 Martini
686 2330 783 2393 euper
798 2329 849 2389 eo,
866 2310 954 2392 quod
971 2311 1038 2392 ipae
1056 2311 1099 2374 M.
1117 2310 1225 2374 dando
1242 2331 1335 2375 auum
1353 2313 1501 2394 gladium

238 2418 361 2482 famulo
384 2437 444 2481 auo
467 2418 496 2480 ei
521 2417 661 2499 precepit
684 2416 825 2480 eundem
841 2416 1009 2480 vulnerare
1025 2430 1057 2479 et
1072 2416 1210 2498 digitum
1235 2437 1328 2480 auum
1351 2433 1500 2484 mactare.

341 2525 421 2587 Item
454 2523 607 2586 Nicolaua
637 2522 775 2585 condam
811 2521 906 2602 judex
942 2523 974 2584 in
1009 2522 1182 2604 quindenis
1216 2536 1342 2586 tenetur
1375 2526 1501 2588 uoluere

237 2630 378 2708 Mariua,
402 2628 568 2709 Paladino,
595 2627 720 2689 Mikech
745 2642 776 2690 et
800 2628 891 2690 Mark
908 2627 1142 2710 quinquaginta
1156 2626 1296 2690 florenos
1320 2630 1502 2694 cumomni

237 2749 354 2799 eventu
377 2735 446 2797 aine
470 2754 560 2797 mora
584 2747 616 2796 et
643 2733 821 2797 delacione.

341 2842 419 2903 Item
445 2839 595 2902 Albertua
618 2840 775 2903 litteratus
798 2852 908 2902 contra
934 2838 1097 2901 Thomam
1121 2842 1224 2923 prima
1252 2841 1409 2905 citacione
1434 2861 1501 2906 uon

238 2947 426 3030 comparuit.

342 3054 419 3115 Item
445 3053 595 3115 Marenuu
618 3051 670 3114 die
694 3065 809 3114 octavo
833 3051 928 3114 debet
950 3052 1172 3115 teatImonium
1196 3053 1373 3135 producere
1390 3068 1501 3117 contra

239 3158 396 3242 quondam
421 3173 558 3220 sartores
581 3177 654 3219 cum
679 3157 765 3219 Bene
791 3170 822 3218 et
845 3157 975 3219 Thomu
998 3173 1118 3220 sertore
1133 3177 1229 3240 nuper
1252 3178 1302 3238 eo,
1327 3159 1415 3240 quod
1439 3159 1501 3241 ipai

216 3266 340 3328 'miuar
362 3264 475 3327 mortis
497 3264 558 3325 eibi
575 3263 791 3342 minabantur,
815 3262 901 3325 etde
925 3262 1053 3325 duobus
1069 3262 1260 3326 clamidibuo
1284 3265 1316 3327 ln
1341 3264 1501 3326 violencia

239 3383 468 3431 remanserunt.

342 3475 421 3540 Item
444 3475 663 3538 Lancholotua
686 3487 795 3537 contra
813 3473 1004 3536 Paludinum
1021 3474 1124 3557 prima
1140 3474 1296 3537 citacione
1321 3494 1385 3538 uon
1412 3494 1501 3537 com·

237 3582 352 3664 paruit.

342 3687 421 3749 Item
446 3705 526 3749 uxor
550 3685 740 3748 Lancholoti
770 3699 802 3748 et
832 3683 898 3747 filia
930 3686 1051 3748 Brenar
1073 3700 1184 3748 contra
1216 3685 1367 3749 Velinum
1398 3686 1502 3768 prima

237 3793 393 3857 citacione
416 3812 482 3856 aon
507 3805 765 3874 comparuerunt.

341 3899 421 3960 Item
446 3899 562 3979 Kunga
586 3911 696 3959 contra
721 3898 887 3960 domiuum
915 3912 1097 3961 contortam
1129 3898 1300 3960 Laurencii
1324 3896 1427 3979 prima
1457 3896 1502 3959 ci·

236 4004 362 4067 cacione
386 4023 452 4067 non
477 4005 666 4086 comparuit.

343 4110 420 4171 Item
445 4111 484 4171 N.
515 4109 660 4171 Pezdech
692 4109 745 4170 dic
776 4123 891 4171 octavo
922 4109 1018 4171 debet
1048 4109 1225 4192 producere
1257 4109 1376 4170 litteras
1406 4127 1502 4190 cuper

236 4216 377 4299 quadam
400 4230 482 4278 terra
507 4229 617 4278 contra
642 4215 777 4278 Henrih.

344 4320 422 4382 Item
448 4321 558 4383 Mareu
585 4320 725 4383 carnifex
756 4320 810 4383 die
840 4334 955 4383 octavo
987 4321 1083 4384 debet
1113 4320 1216 4400 jurate
1247 4335 1314 4383 met
1343 4319 1503 4382 aecuudua

238 4442 348 4489 contra
371 4427 573 4490 Anthonium
596 4447 693 4510 nuper
716 4427 893 4509 vituperiis.

343 4531 422 4594 Item
447 4531 578 4595 Gerdna
600 4532 654 4594 die
677 4546 792 4595 octavo
815 4532 912 4594 debet
935 4530 1039 4613 jurare
1071 4547 1137 4594 met
1159 4531 1257 4595 tercia
1281 4544 1392 4594 contra
1415 4530 1502 4595 Iwan

237 4637 375 4700 condam
406 4638 550 4701 villicum
582 4638 802 4701 chaameuaem
834 4656 931 4720 cuper
956 4656 1008 4717 eo,
1038 4637 1128 4720 quod
1159 4638 1268 4720 ipeaa
1301 4635 1502 4718 Margaretha

237 4743 408 4827 pecuniam
432 4763 523 4806 auam
547 4763 612 4805 non
636 4742 758 4806 habuit.
