3488 5250
662 318 747 375 Anno
772 314 862 394 1358.
887 352 928 360 —
950 331 982 392 9.
1000 319 1149 392 januarii.

386 528 464 587 Item
486 540 601 588 octavo
635 526 685 588 die
719 526 844 588 Blasius
875 526 959 588 filius
995 526 1127 587 Strozak
1158 526 1318 587 tenebitur
1349 525 1543 608 respondere

278 647 387 724 contra
412 633 532 694 litteras
557 653 614 714 per
638 631 749 694 fratres
773 633 991 695 Predicatores
1021 653 1129 694 coram
1154 633 1248 694 nobis
1272 632 1436 694 exhibitas.

385 740 462 800 Item
487 759 581 801 causa
612 759 680 820 que
706 739 839 800 vertitur
871 740 952 800 inter
987 740 1028 800 M.
1064 743 1101 799 A.
1126 752 1156 799 et
1178 739 1216 800 V.
1241 738 1281 799 ad
1313 752 1386 800 octo
1411 737 1479 799 dies
1502 736 1542 797 ad

278 866 389 927 pacem
418 859 465 907 est
488 858 669 927 prorogata.

384 951 460 1012 ltem
486 951 530 1013 St.
556 950 701 1013 Cernech
725 964 839 1013 octavo
871 951 922 1012 die
954 964 1063 1013 contra
1096 953 1271 1013 lurkonem
1302 952 1334 1012 in
1367 950 1452 1011 furtu
1477 962 1543 1011 met

198 1122 201 1128 ,
277 1069 383 1117 sextus
407 1071 533 1119 tenetur
559 1058 721 1139 deponere
745 1057 970 1138 juramentum.

384 1163 461 1223 ltem
486 1182 579 1224 causa
605 1181 667 1243 que
691 1163 824 1224 vertitur
842 1162 923 1224 inter
949 1162 1140 1224 Nicholaum
1165 1183 1201 1224 ac
1219 1161 1394 1244 Georgium
1412 1161 1451 1222 ad
1469 1175 1542 1223 octo

279 1268 347 1329 dies
371 1282 417 1330 est
440 1282 622 1350 prorogata.

386 1374 463 1435 ltem
496 1388 610 1435 octavo
642 1374 694 1435 die
726 1373 886 1456 Georgius
917 1374 1055 1455 piscator
1078 1388 1187 1436 contra
1220 1374 1297 1434 luan
1322 1371 1541 1434 Chidauchiclr

279 1495 346 1541 met
369 1481 486 1542 tercius
510 1480 613 1541 iurare
638 1494 772 1543 tenetur.

384 1588 460 1648 ltem
488 1587 593 1668 primo
617 1586 738 1667 judicio
764 1588 848 1648 Mike
873 1587 1094 1649 testimonium
1118 1606 1211 1648 suurn
1237 1599 1346 1648 contra
1370 1586 1451 1647 Zore
1469 1605 1541 1667 pro-

281 1694 398 1755 ducere
421 1706 556 1756 tenetur.

370 1799 463 1861 ·ltem
496 1800 604 1861 relicta
630 1799 781 1882 Symonis
806 1799 970 1861 Sternicha
1003 1813 1113 1861 contra
1144 1800 1187 1861 M.
1212 1798 1317 1881 primo
1348 1797 1441 1859 citata
1477 1816 1542 1858 non
1608 1877 1613 1887 ι

279 1906 467 1987 comparuit.

384 2012 462 2073 Item
473 2025 560 2090 nota,
574 2011 661 2092 quod
679 2032 751 2072 cum
770 2012 821 2072 die
834 2012 972 2094 presenti
988 2013 1019 2073 in
1034 2011 1153 2073 iudicio
1165 2030 1222 2092 pro
1239 2009 1391 2071 tribunali
1408 2007 1541 2069 sedisse-

279 2137 360 2196 mus,
377 2119 609 2200 servitoresque
634 2118 874 2180 communitatis
888 2138 946 2200 pro
960 2118 1041 2180 Zore
1059 2132 1094 2179 ut
1110 2118 1142 2178 in
1159 2116 1258 2178 nostri
1276 2115 1473 2198 presenciam
1490 2133 1542 2175 ve-

280 2224 377 2285 nisset
400 2224 606 2303 misissemus,
630 2239 706 2285 tunc
731 2225 796 2307 ipse
817 2225 898 2286 Zore
915 2224 1122 2287 servitoribus
1146 2223 1385 2285 communitatis
1408 2239 1540 2302 respon-

279 2328 393 2409 disset,
418 2330 567 2418 judicem,
584 2330 704 2410 juratos
728 2346 759 2393 et
783 2332 1047 2393 communitatem
1066 2329 1238 2391 enormiter
1254 2328 1466 2410 vituperando
1484 2347 1542 2387 nec

279 2437 366 2499 venit
390 2456 448 2499 nec
472 2437 568 2516 misit,
593 2436 633 2498 de
658 2456 723 2518 quo
748 2438 840 2499 nobis
864 2457 920 2520 per
949 2437 1212 2499 communitatem
1245 2434 1402 2496 iusticiam
1427 2434 1543 2515 imper-

278 2544 330 2606 tiri
354 2545 567 2627 postulamus.

384 2651 461 2712 ltem
487 2672 581 2713 causa
606 2672 668 2733 que
693 2653 825 2713 vertitur
843 2653 924 2714 inter
947 2651 1076 2714 fratrem
1093 2653 1220 2714 lectoris
1236 2667 1267 2713 et
1283 2653 1387 2712 lusani
1411 2651 1451 2710 ad
1469 2662 1542 2711 octo

280 2756 349 2819 dies
373 2771 419 2819 est
443 2772 622 2840 prorogata.

320 2981 414 3066 Nota,
443 2981 530 3070 quod
558 2982 644 3053 seria
673 2983 778 3055 tercia
807 2985 959 3071 proxima
988 2989 1065 3071 post
1091 2981 1215 3053 festum
1242 2977 1503 3072 Epiphaniaram

841 3106 975 3179 domini.

690 3242 789 3318 (Anno
813 3238 903 3317 [358.
924 3256 957 3317 9.
974 3242 1137 3319 januarii).

385 3380 491 3442 Primo
502 3379 662 3442 lohannes
670 3380 754 3442 filius
764 3381 917 3443 Demetrii
927 3396 958 3444 et
968 3382 1079 3442 Kauka
1097 3379 1312 3441 consorsluan
1331 3376 1450 3437 Pluzne
1464 3376 1538 3436 sub·

280 3486 433 3547 miserunt
449 3507 482 3547 se
494 3486 679 3548 testimonio
693 3486 870 3549 Clementis
883 3501 913 3549 et
930 3488 1007 3548 luan
1024 3487 1099 3548 dicti
1117 3486 1206 3546 Zime
1225 3486 1256 3546 in
1279 3482 1361 3545 facto
1379 3483 1539 3565 pecuari0.

384 3593 461 3654 Item
487 3594 624 3654 Jacobus
648 3592 778 3674 pellifex
802 3607 832 3654 et
861 3594 992 3674 quidam
1024 3613 1100 3654 suus
1123 3612 1201 3674 puer
1225 3605 1335 3652 contra
1359 3589 1539 3650 lohannem

277 3713 417 3760 sutorem
430 3713 544 3760 octavo
554 3699 605 3760 die
617 3700 837 3761 testimonium
847 3700 1022 3782 producere
1035 3699 1123 3781 quod
1136 3699 1251 3760 melius
1259 3697 1386 3779 poterit,
1398 3709 1536 3758 tenetur.

385 3804 461 3865 Item
487 3806 585 3866 Junas
620 3805 748 3867 sellator
780 3819 889 3867 contra
921 3808 1057 3867 Kussam
1082 3825 1154 3867 cum
1188 3824 1285 3865 uxore
1316 3823 1372 3863 sua
1396 3801 1538 3863 testimo·

279 3910 368 3971 nium
393 3910 481 3991 quod
506 3911 621 3971 melius
644 3912 761 3992 poterit
783 3911 959 3993 producere
983 3924 1109 3972 tenetur
1132 3924 1245 3972 octavo
1270 3908 1330 3970 die.

385 4016 462 4077 ltem
489 4017 624 4078 Mathias
649 4016 796 4079 Kuchine
812 4020 927 4079 'contra
952 4018 1131 4079 iohannem
1149 4016 1252 4078 filium
1276 4020 1385 4098 Arney
1408 4013 1448 4075 ad
1465 4027 1538 4076 octo

280 4122 348 4183 dies
371 4123 489 4204 recepit
514 4123 687 4184 terminum
712 4124 751 4184 ad
775 4124 1045 4205 respondendum.

385 4227 462 4288 ltem
488 4229 640 4289 Nicolaus
664 4229 808 4290 Kukulin
833 4242 942 4290 contra
976 4230 1182 4291 Katherinam
1206 4228 1311 4310 primo
1336 4228 1448 4288 citatus
1472 4245 1538 4287 non

280 4335 467 4416 comparuit.

386 4441 462 4501 ltem
487 4441 568 4501 Vole
593 4454 680 4502 sutor
704 4454 813 4503 contra
846 4442 948 4503 Kurse
982 4443 1086 4523 primo
1118 4443 1230 4503 citatus
1252 4460 1317 4501 non
1349 4439 1537 4521 comparuit.

385 4546 462 4607 ltem
487 4545 618 4607 domina
642 4547 782 4608 Blancha
808 4547 915 4609 relicta
945 4548 982 4610 N.
1008 4547 1047 4608 de
1079 4547 1248 4608 Branouch
1273 4560 1303 4608 et
1334 4545 1466 4607 domina
1490 4564 1537 4606 re·

279 4648 353 4712 licta
376 4651 540 4714 Benedicti
565 4652 702 4713 condam
726 4653 840 4734 judicis
863 4653 944 4715 inter
968 4651 1113 4715 Francho
1131 4652 1338 4735 Compariam
1363 4671 1401 4713 ex
1425 4670 1488 4713 una
1505 4664 1537 4712 et

279 4753 449 4820 Nicolaum
473 4756 671 4820 aurifabrum
694 4758 798 4820 taliter
821 4757 984 4821 testificate
1012 4778 1069 4840 per
1092 4758 1230 4821 Bnrtuch
1254 4774 1285 4821 et
1309 4759 1436 4821 Kusech
1460 4759 1537 4822 exti-
