3488 5250
686 335 772 391 Anno
795 344 882 410 1355.
906 370 950 379 -
972 348 1023 410 27.
1048 339 1157 398 martii.

384 540 462 602 Item
489 539 528 603 G.
553 540 637 603 filius
659 543 781 605 Ztaune
805 559 877 627 post
901 559 1029 606 octavas
1060 544 1130 608 festi
1154 547 1273 608 Pasche
1297 547 1422 610 domini
1446 548 1542 611 debet

279 644 440 726 deponere
472 645 686 726 juramentum
718 663 783 711 met
812 665 918 713 sextus
949 671 1044 733 super
1076 651 1160 714 facto
1192 653 1303 715 mortis
1330 653 1459 735 philipi,
1483 653 1541 715 filii

279 749 433 812 chhilo.

385 858 463 919 Item
487 858 627 941 Campar
650 859 728 923 feria
752 877 837 924 sexta
862 863 957 925 debet
981 863 1143 945 deponere
1167 862 1381 945 juramentum
1400 878 1464 926 met
1480 879 1541 925 ter·

279 964 347 1024 cius
370 978 479 1026 contra
503 967 677 1028 Martincus
700 987 759 1049 pro
783 969 977 1050 quibusdam
1001 969 1192 1050 pulvinariis
1214 983 1245 1031 ct
1268 969 1467 1032 lectisternis.

385 1069 462 1132 ltem
487 1071 575 1133 Elias
598 1072 694 1135 debet
717 1074 883 1137 restituere
902 1075 1064 1136 stabulum
1088 1073 1214 1137 Kusech
1231 1076 1373 1157 plenarie
1391 1089 1422 1137 et
1439 1075 1542 1137 dictus

281 1176 408 1238 Kusech
433 1196 534 1258 usque
558 1178 645 1249 diem
669 1193 819 1241 octavum
837 1181 932 1242 debet
947 1181 1071 1242 solvere
1095 1181 1239 1262 precium
1256 1181 1400 1243 eiusdem
1425 1181 1540 1243 stabuli

280 1296 401 1362 quanto
425 1283 569 1346 eiusdem
594 1284 661 1366 ipse
685 1280 772 1347 Elias
796 1287 1003 1368 comparavit.

385 1389 463 1451 Item
488 1391 575 1452 Elias
599 1391 783 1454 discucione
807 1392 984 1473 juratorum
1008 1413 1103 1476 super
1126 1392 1211 1456 lacto
1235 1393 1402 1455 cuiusdam
1425 1392 1541 1454 stabuli

280 1512 346 1555 non
370 1497 614 1558 contentabatur
638 1511 668 1558 et
692 1517 818 1559 causam
843 1500 1004 1561 revocavit
1028 1499 1068 1561 ad
1093 1499 1311 1562 discucionem
1334 1499 1542 1580 antiquorum

280 1598 434 1680 judicum,
457 1621 555 1682 quare
579 1600 656 1664 feria
678 1616 764 1665 sexta
788 1603 1057 1667 determinabunt.

386 1706 464 1768 ltem
498 1707 650 1770 Anchech
686 1722 796 1771 contra
832 1710 996 1772 dominam
1034 1712 1148 1773 Katam
1187 1711 1292 1792 primo
1329 1711 1441 1773 citatus
1475 1729 1542 1771 non

281 1812 469 1892 comparuit.

386 1918 464 1979 ltem
487 1920 573 1981 Kusa
598 1920 715 1982 mulier
746 1936 855 1983 contra
888 1921 1079 1983 Michaelem
1103 1922 1301 1983 sacerdotem
1332 1921 1434 2003 prima
1466 1920 1542 1982 cita·

281 2023 373 2085 cione
398 2043 463 2085 non
488 2026 677 2107 comparuit.

386 2127 467 2191 Item
491 2131 642 2193 Albertus
666 2147 823 2213 pannator
847 2146 956 2194 contra
989 2132 1190 2194 Radozlaum
1223 2131 1361 2193 secunda
1387 2131 1541 2193 citatione

281 2254 346 2296 non
371 2238 559 2317 comparuit.

369 2434 466 2508 laria
494 2450 592 2509 sexta
620 2441 775 2527 proxima
803 2449 881 2511 ante
909 2441 1110 2511 dominicam
1139 2438 1454 2527 Ramispalmarum.

808 2574 870 2650 (27.
893 2575 1016 2648 martti).

389 2709 467 2772 Item
492 2710 624 2774 Gu‘rdan
651 2712 728 2774 feria
753 2713 848 2775 tercia
880 2726 952 2795 post
983 2725 1111 2775 octavas
1142 2710 1261 2772 Paschc
1292 2709 1416 2770 domini
1448 2707 1543 2769 debet

283 2813 444 2897 deponere
468 2816 683 2897 juramentum
707 2833 815 2881 contra
840 2819 981 2896 Petrum,
1008 2817 1110 2880 lilium
1136 2814 1302 2892 Valterini,
1326 2833 1422 2895 super
1445 2811 1542 2874 furtu.

388 2921 467 2983 Item
491 2921 530 2985 G.
554 2921 641 2985 filius
665 2924 754 3002 Suik,
777 2925 999 2987 testimonium
1031 2922 1182 3005 produxit
1206 2935 1316 2982 contra
1341 2919 1446 2980 Eliam
1469 2936 1543 2980 cum

284 3026 417 3088 Muneth
442 3041 472 3088 et
496 3028 567 3090 Elia
591 3043 623 3091 et
646 3030 774 3091 Emrico
798 3044 828 3092 et
851 3030 921 3091 Elia
946 3049 1041 3111 super
1064 3028 1217 3110 porcione
1247 3039 1329 3087 terre
1352 3024 1463 3086 decem
1487 3043 1543 3085 cu-

284 3132 433 3212 bitorum,
456 3154 538 3215 quos
561 3148 685 3197 tenetur
708 3136 832 3199 solvere
857 3137 960 3197 eidem
987 3136 1019 3197 in
1043 3133 1224 3215 quindenis.

389 3240 465 3301 ltem
492 3240 643 3303 Marench
668 3255 777 3303 contra
801 3241 883 3303 Vole
907 3240 1049 3302 secundo
1073 3241 1186 3302 citatus
1209 3257 1275 3299 non
1298 3236 1487 3318 comparuit.

390 3346 467 3407 ltem
492 3346 531 3408 ad
556 3347 749 3429 peticionem
771 3348 900 3409 testium
917 3365 1044 3407 causam
1068 3347 1107 3409 N.
1124 3344 1182 3406 lilii
1205 3343 1360 3406 Valterini
1385 3355 1415 3403 et
1440 3340 1543 3403 Coian

284 3450 324 3511 ad
333 3453 698 3534 pacemprorogavimus
708 3453 748 3514 ad
761 3454 900 3535 primum
913 3451 1068 3534 judicium
1076 3464 1149 3533 post
1161 3463 1289 3511 octavas
1299 3448 1396 3509 Pasce
1409 3446 1542 3509 domini.

389 3557 467 3619 Item
490 3560 642 3621 Anchech
666 3556 825 3620 aurifaber
848 3572 957 3620 contra
980 3557 1123 3619 relictam
1154 3555 1269 3636 Artuig
1292 3553 1397 3635 primo
1421 3551 1541 3634 judicio

285 3663 380 3726 debet
403 3665 606 3746 respondere.

391 3771 469 3832 ltem
493 3791 586 3832 causa
610 3772 775 3832 Martonos
791 3770 948 3831 sellatoris
973 3784 1003 3830 et
1020 3767 1158 3829 Farcasii
1182 3786 1218 3828 ac
1242 3765 1334 3826 Pauli
1358 3762 1486 3824 sartoris
1502 3760 1543 3822 ad

285 3877 425 3959 primum
457 3876 612 3958 judicium
643 3891 690 3938 est
720 3888 890 3959 prorogata
922 3876 962 3936 ad
995 3873 1124 3936 finalem
1158 3871 1354 3934 decisionem
1384 3866 1543 3930 testificari

284 3983 412 4044 racione
436 3983 588 4063 premisse
613 4002 705 4045 cause
730 3983 813 4043 inter
836 3995 951 4064 partes.

391 4087 470 4151 Item
494 4089 605 4149 Maren
636 4088 829 4150 subsoliator
863 4101 973 4149 contra
1008 4085 1119 4149 Obrad
1154 4084 1256 4167 prima
1292 4081 1447 4144 citacione
1478 4098 1544 4141 non

285 4194 474 4275 comparuit.

392 4299 469 4360 Item
494 4319 588 4361 causa
612 4299 779 4361 Michaelis
801 4298 917 4360 sutoris
933 4299 1061 4361 racione
1084 4296 1250 4359 homicidii
1275 4308 1347 4377 post
1371 4293 1544 4354 adventurn

285 4404 353 4466 Juri
377 4405 493 4466 sutoris
516 4405 620 4486 primo
643 4405 764 4486 judicio
788 4418 834 4466 est
857 4418 1038 4487 prorogata.

393 4511 470 4572 ltem
495 4511 614 4573 Finech
641 4525 751 4574 contra
783 4511 947 4573 Donatum
977 4509 1115 4591 juratum
1140 4509 1244 4592 primo
1276 4506 1397 4588 judicio
1421 4517 1546 4566 tenetur

286 4617 489 4697 respondere.
862 4625 867 4630 '

392 4722 469 4786 ltem
494 4725 533 4788 N.
557 4723 642 4786 filius
664 4724 801 4804 Nicolai,
825 4723 882 4787 filii
899 4721 1075 4802 Benedicti,
1098 4721 1205 4804 primo
1227 4719 1348 4802 judicio
1371 4717 1467 4780 debet
1494 4735 1545 4777 re·

287 4829 446 4894 «pondere
469 4844 578 4893 contra
602 4831 765 4893 Donatum
788 4829 938 4911 juratum.
