3488 5250
633 375 720 432 Anno
741 369 837 451 1362.
862 407 903 417 —
928 370 959 436 8.
975 377 1060 451 sitlir'.

322 586 400 647 item
426 604 519 646 causa
544 605 606 667 que
631 586 764 648 vertitur
792 586 873 648 inter
904 587 1104 648 Demetrium
1136 599 1167 647 et
1192 585 1415 648 Sebastianum
1441 584 1480 645 ad

215 704 290 754 octo
316 691 384 754 dies
408 704 455 752 est
479 690 520 752 ad
543 710 656 774 pacem
679 704 859 773 prorogata.

325 797 402 859 Item
434 796 568 878 quidam
609 811 718 859 contra
754 797 925 859 Nicolaum
957 796 1168 858 Zrebernicha
1200 795 1342 858 secundo
1370 797 1483 858 citatus

218 921 283 964 non
310 902 498 985 comparuit.

321 1007 400 1070 Item
426 1009 533 1091 Matey
559 1007 685 1070 Schuka
709 1022 740 1071 et
762 1009 872 1072 relicta
897 1008 1064 1092 Meynardi
1089 1023 1198 1071 contra
1222 1028 1358 1091 generos
1382 1008 1482 1091 ipsius

217 1113 323 1196 primo
347 1113 433 1175 citati
457 1132 523 1175 non
547 1127 803 1197 comparuerunt.

324 1219 402 1281 Item
436 1217 597 1301 Georgius
629 1218 761 1283 Gianini
792 1221 935 1283 secundo
967 1221 1080 1282 citatus
1111 1234 1220 1282 contra
1244 1219 1347 1282 filium
1373 1219 1482 1281 Rados

216 1344 284 1388 non
308 1325 497 1408 comparuit.

324 1431 402 1492 Item
427 1451 521 1494 causa
545 1430 671 1493 Mikech
704 1432 865 1494 Leunardi
894 1445 925 1494 et
955 1433 1089 1496 Marketi
1114 1433 1147 1493 in
1179 1430 1263 1494 facto
1286 1431 1377 1493 XXX
1411 1430 1480 1494 flor.

216 1550 314 1616 mota,
338 1536 443 1599 taliter
466 1535 569 1599 fuerat
592 1537 785 1617 adiudicata,
809 1552 844 1600 ut
866 1552 981 1600 octavo
1005 1538 1057 1600 die
1082 1538 1148 1621 ipse
1172 1537 1310 1620 Mykecb
1333 1550 1423 1600 sexto
1447 1556 1481 1598 se

216 1643 363 1726 personis
386 1643 520 1724 jurasset
542 1663 638 1726 super
661 1664 711 1723 eo,
736 1645 824 1726 quod
846 1645 904 1727 ipsi
929 1646 1074 1706 Marketo
1091 1657 1220 1706 centum
1244 1643 1313 1707 flor.
1338 1643 1480 1726 comple·

216 1749 321 1828 visset,
346 1769 384 1810 ex
407 1750 526 1831 quibus
542 1749 617 1811 dicti
642 1751 732 1811 XXX
756 1749 826 1812 flor.
850 1750 910 1812 sibi
935 1763 1040 1812 essent
1063 1750 1214 1826 insoluti;
1238 1751 1294 1811 sed
1319 1751 1394 1831 quia
1411 1750 1479 1832 ipse

217 1855 379 1917 Marketus
412 1856 517 1938 ipsum
551 1856 768 1918 iuramentum
801 1869 925 1919 tantum
957 1857 989 1918 in
1022 1858 1125 1938 ipsum
1161 1857 1325 1918 Donatum
1355 1869 1386 1917 et
1417 1859 1482 1916 An-

216 1959 326 2024 dream
341 1962 632 2043 compromittebat,
646 1962 719 2024 ideo
733 1962 799 2044 ipsa
813 1983 907 2024 causa
920 1962 961 2025 ad
973 1961 1085 2024 feriam
1099 1963 1230 2024 terciam
1243 1976 1289 2023 est
1301 1974 1482 2043 prorogata.

324 2066 402 2128 Item
426 2067 580 2130 Nicolaus
603 2068 823 2130 Kuroredicha
842 2075 957 2130 'contra
982 2070 1111 2130 Petrum
1135 2067 1278 2130 secundo
1292 2067 1404 2128 citatus
1417 2086 1482 2129 non

216 2173 405 2255 comparuit.

322 2278 400 2340 Item
425 2277 578 2340 Crisanus
600 2297 659 2361 pro
684 2279 824 2342 Martino
847 2292 957 2343 contra
975 2280 1079 2362 ipsum
1104 2281 1234 2342 Petrum
1250 2279 1290 2341 ad
1315 2292 1389 2340 octo
1413 2278 1482 2340 dies

216 2384 335 2466 recepit
358 2384 531 2446 terminum
555 2383 595 2445 ad
620 2384 892 2467 respondendum.

322 2489 403 2551 Item
425 2489 539 2551 lucech
564 2502 672 2552 contra
697 2491 833 2553 Jaricam
856 2491 999 2554 secundo
1024 2491 1139 2555 citatus
1156 2511 1221 2553 non
1246 2490 1436 2574 comparuit.

322 2595 400 2657 Item
417 2609 531 2658 octavo
548 2596 601 2658 die
616 2614 714 2677 gener
730 2595 856 2660 Crisani
873 2597 912 2659 de
930 2597 1082 2659 Pobresia
1103 2611 1215 2659 contra
1238 2597 1340 2679 ipsam
1356 2615 1483 2658 socrum

218 2721 309 2764 suam
337 2722 393 2784 per
417 2701 602 2764 Damanech
627 2715 658 2763 et
675 2702 804 2764 Petrum
821 2703 917 2764 Zolar
938 2703 1159 2766 testimonium
1184 2703 1360 2785 producere
1377 2701 1484 2765 debet.

324 2807 403 2870 Item
428 2808 467 2870 N.
492 2807 591 2870 ruffus
615 2820 724 2870 contra
748 2807 838 2870 Bank
857 2809 1000 2871 secundo
1025 2810 1140 2871 citatus
1163 2828 1229 2871 non
1250 2809 1438 2891 comparuit.

323 2913 400 2976 Item
425 2913 618 2976 Benedictus
645 2914 774 2997 sellipar
806 2929 915 2978 contra
947 2915 1118 2977 Nicolaum
1151 2915 1281 2978 Kordar
1304 2915 1410 2997 primo
1441 2915 1484 2976 ci-

215 3032 299 3081 tatus
323 3038 389 3082 non
414 3020 604 3103 comparuit.

323 3125 400 3187 Item
434 3124 634 3207 Margaretha
666 3125 730 3189 filia
759 3127 975 3190 Mekkochren
1007 3140 1117 3190 contra
1148 3127 1291 3190 relictam
1326 3127 1483 3189 Radozlai

217 3231 322 3314 primo
346 3231 439 3294 citata
464 3250 528 3293 non
553 3233 743 3314 comparuit.

324 3337 402 3400 Item
427 3338 535 3399 Petres
558 3336 697 3400 carnifex
722 3353 832 3401 contra
860 3339 1038 3402 Johannem
1071 3339 1174 3402 filium
1200 3339 1317 3402 Cemer
1340 3339 1483 3402 secundo

219 3443 332 3505 citatus
357 3462 422 3505 non
447 3443 635 3525 comparuit.

292 3549 402 3642 ‚Item
426 3548 578 3610 Nicolaus
602 3549 823 3612 Kuroredicha
847 3563 957 3612 contra
982 3551 1088 3613 Eliam
1106 3553 1255 3614 secundo
1280 3552 1394 3613 citatus
1418 3571 1483 3613 non

218 3655 407 3737 comparuit.

326 3761 403 3822 Item
429 3760 537 3822 relicta
563 3761 646 3822 Petri
670 3775 779 3826 contra
805 3763 978 3826 Martinum
1003 3764 1127 3847 Reyniz
1160 3764 1266 3846 primo
1301 3765 1395 3827 citata
1418 3785 1483 3827 non

218 3867 409 3949 comparuit.

325 3972 402 4034 Item
427 3973 558 4035 Hernka
582 3988 691 4036 contra
709 3993 841 4036 uxorem
859 3974 988 4036 Martini
1004 3993 1133 4036 mosnar
1149 3995 1182 4036 se
1199 3987 1286 4037 sexta
1303 3974 1397 4036 debet
1413 3994 1484 4056 pre·

218 4090 299 4140 stare
323 4093 557 4141 sacramentum
581 4099 676 4162 super
700 4099 750 4159 eo,
774 4079 864 4161 quod
888 4079 913 4141 ΙΙ
937 4079 1006 4142 flor.
1031 4080 1091 4142 sibi
1116 4100 1182 4142 non
1206 4080 1425 4142 subtraxisset.

324 4182 402 4244 ltern
426 4198 540 4246 octavo
557 4184 608 4247 die
627 4184 790 4248 Johannes
808 4183 893 4247 filius
910 4184 986 4247 luan
1004 4199 1113 4247 contra
1130 4186 1310 4248 Johannem
1327 4186 1484 4247 Zobotam

219 4287 346 4370 jurabit,
370 4290 458 4371 quod
482 4290 542 4352 sibi
568 4290 731 4373 quandam
755 4291 883 4353 vineam
908 4290 984 4353 dare
1008 4311 1073 4353 non
1097 4291 1303 4374 promisisset.

325 4395 403 4458 Item
428 4409 542 4458 octavo
564 4396 616 4459 die
633 4397 701 4479 ipsa
718 4415 798 4459 uxor
815 4397 944 4460 Martini
969 4411 1080 4460 contra
1097 4397 1215 4459 dictam
1232 4397 1374 4480 puellam
1390 4396 1486 4458 debet

218 4501 395 4584 producere
419 4502 509 4564 Bank
533 4509 566 4564 et
583 4501 772 4585 Georgium,
797 4503 852 4585 qui
877 4503 985 4564 dicent
1000 4501 1082 4565 infra
1107 4502 1195 4585 quod
1211 4516 1339 4585 tempus
1356 4501 1487 4564 deberet

219 4609 337 4669 servire
360 4606 466 4670 eidem
490 4607 557 4688 ipsa
582 4608 702 4689 puella.

327 4714 403 4777 item
434 4727 549 4776 octavo
574 4713 627 4775 die
661 4714 837 4776 Martinech
869 4729 978 4777 contra
1010 4715 1123 4777 Mikou
1155 4734 1211 4797 per
1240 4713 1421 4776 Johannem
1453 4727 1484 4776 et

222 4795 331 4883 Obrad
355 4840 450 4903 super
472 4819 638 4904 vituperiis
661 4833 692 4882 et
714 4821 918 4904 percussione
936 4821 1159 4884 testimonium
1175 4820 1353 4903 producere
1378 4818 1483 4883 debet.

1377 4922 1395 4954 ὖ
