3488 5250
237 349 301 410 204
610 332 698 390 Anno
721 328 812 409 1362.
835 367 880 376 -
903 345 953 407 25.
969 333 1131 406 febroarii.

342 541 1501 625 ItemAnnauxorFabianicontraCussechprimocitatanoncomparuit.

342 649 420 710 Item
438 646 617 709 Puchocius
634 661 744 709 contra
761 646 962 710 Radozlaum
976 648 1081 730 primo
1099 649 1211 709 citatus
1228 668 1293 710 non
1311 649 1503 730 comparuit.

344 754 422 814 Item
454 753 552 814 Matia
578 767 609 815 et
633 752 755 814 Obram
779 752 922 815 secundo
947 754 1032 815 citati
1064 767 1174 816 contra
1210 754 1413 816 Anthonium
1437 774 1502 816 non

236 873 498 941 comparuerunt.

343 965 421 1026 Item
439 983 518 1025 uxor
530 963 691 1027 Crizozlai
708 978 817 1026 contra
832 965 946 1026 Katam
961 964 1103 1026 secundo
1120 966 1214 1028 citata
1228 985 1294 1027 non
1311 967 1501 1048 comparuit.

342 1071 419 1132 Item
429 1069 515 1131 filius
524 1068 633 1131 Rados
642 1082 752 1131 contra
766 1069 941 1152 Symonem
952 1071 1094 1132 secundo
1104 1071 1217 1132 citatus
1230 1091 1295 1133 non
1310 1072 1501 1154 comparuit.

344 1176 421 1237 Item
456 1175 581 1237 Blasius
616 1187 725 1237 contra
759 1175 903 1237 relictam
946 1176 1075 1237 MartIni
1110 1176 1253 1238 secundo
1287 1177 1400 1239 citatus
1436 1196 1501 1239 non

236 1282 428 1362 comparuit.

343 1389 420 1450 Item
446 1390 573 1449 Marcus
597 1399 705 1449 contra
732 1387 887 1448 Jacobum
915 1387 1020 1469 prImo
1041 1387 1154 1448 citatus
1177 1406 1243 1449 non
1268 1386 1457 1468 comparuit.

343 1494 421 1556 Item
447 1492 550 1576 Frych
574 1507 683 1554 contra
709 1492 794 1553 Mike
819 1492 923 1574 primo
947 1492 1061 1554 citatus
1083 1484 1363 1574 non‘comparuit.

299 1672 301 1676 .
345 1600 421 1662 Item
447 1600 555 1661 Petres
569 1597 709 1661 carnifex
726 1613 835 1660 contra
849 1599 965 1680 Mykus
981 1599 1086 1680 primo
1103 1599 1216 1660 citatus
1228 1618 1294 1660 non
1312 1597 1502 1679 comparuit.

342 1707 419 1767 Item
430 1705 537 1767 Endre
551 1705 643 1765 Pzica
657 1717 765 1766 contra
776 1703 975 1764 Demetrium
988 1704 1093 1785 prImo
1106 1704 1219 1766 citatus
1229 1724 1293 1765 non
1309 1703 1500 1785 comparuit.

342 1812 420 1874 Item
444 1812 564 1893 Ztepan
590 1824 699 1872 contra
723 1810 829 1870 Ellam
853 1809 957 1892 prImo
982 1810 1094 1871 citatus
1117 1829 1182 1871 non
1207 1810 1395 1892 comparuit.

343 1917 421 1979 Item
445 1916 590 1978 Andreas
614 1915 753 1976 famulus
784 1915 896 1976 decani
919 1913 1112 1997 Gregorium
1144 1929 1286 1978 sutorem
1310 1915 1501 1994 vulneravit,

237 2024 403 2086 convictus
427 2024 529 2084 estin
553 2022 697 2103 quinque
722 2021 835 2083 marcis
865 2040 923 2103 pro
955 2034 1044 2102 parte
1066 2021 1198 2083 adversa
1223 2035 1254 2082 et
1284 2040 1348 2082 una
1373 2039 1430 2103 pro
1454 2019 1502 2101 ju·

237 2132 307 2192 dice
331 2149 434 2211 usque
458 2128 640 2210 quindenas
664 2127 836 2189 soluturus.

343 2397 421 2457 Item
447 2394 609 2456 Marketus
632 2393 737 2475 primo
765 2391 879 2453 citatus
910 2405 1019 2454 contra
1044 2391 1170 2454 Mikech
1202 2392 1304 2454 filium
1339 2392 1500 2454 Leuuardi

238 2522 303 2563 non
328 2500 517 2582 comparuit.

344 2607 422 2668 Item
447 2605 613 2666 Janinnus
637 2617 747 2665 contra
770 2604 869 2665 Jurko
893 2604 998 2686 prImo
1030 2603 1142 2665 citatus
1166 2623 1231 2664 non
1257 2603 1445 2686 comparuit.

343 2714 422 2774 Item
447 2711 535 2772 Elias
558 2730 675 2792 parvus
698 2709 868 2772 fideiubuit
892 2729 950 2792 pro
975 2711 1122 2786 Martium
1146 2710 1202 2791 qui
1227 2728 1260 2770 se
1284 2728 1349 2771 non
1375 2710 1503 2791 negavit

238 2821 315 2881 luan
339 2817 442 2881 filium
467 2815 652 2897 Dragozlou
676 2815 869 2878 vulnerasse.

345 2926 422 2986 Item
450 2941 543 2984 causa
576 2921 700 2983 domini
733 2923 819 2983 Luce
855 2920 983 2983 lectoris
1017 2921 1056 2982 ad
1092 2921 1231 3003 primum
1266 2920 1421 3002 judicium
1457 2934 1504 2982 est

239 3045 419 3112 prorogata.

191 3211 198 3223 ·
343 3136 422 3197 Item
447 3136 612 3197 Farcasius
645 3152 746 3215 usque
778 3132 958 3213 quindenas
987 3145 1113 3194 tenetur
1143 3131 1267 3193 solvere
1299 3131 1433 3192 domino
1458 3132 1501 3194 M.

241 3241 307 3303 filio
334 3240 496 3302 Leunardi
520 3241 577 3301 XL
606 3239 764 3301 denarios.

344 3346 421 3407 Item
446 3345 598 3408 Crisanus
621 3358 731 3406 contra
756 3343 882 3404 Mikech
907 3343 1012 3425 primo
1036 3343 1149 3404 citatus
1172 3361 1238 3404 non
1264 3342 1455 3423 comparuit.

344 3452 422 3513 Item
447 3452 557 3513 Mareu
582 3465 690 3512 contra
716 3449 819 3510 Eliam
844 3449 949 3531 primo
974 3449 1086 3509 citatus
1117 3467 1182 3509 non
1207 3448 1395 3529 comparuit.

344 3556 423 3619 Item
449 3556 534 3618 idem
560 3558 669 3617 Mareu
695 3569 804 3616 contra
828 3552 965 3615 Jancech
997 3552 1143 3615 similiter
1167 3554 1272 3636 primo
1297 3553 1410 3615 citatus
1437 3572 1502 3615 non

240 3663 430 3745 comparuit.

346 3770 423 3831 Item
449 3767 529 3849 iglar
553 3781 662 3828 contra
688 3767 794 3849 Matey
818 3766 923 3847 primo
948 3765 1062 3827 citatus
1085 3784 1150 3826 non
1175 3764 1363 3847 comparuit.

345 3875 422 3936 Item
447 3873 593 3955 quamvis
621 3872 803 3934 DemetrIus
834 3885 990 3934 mercator
1023 3885 1131 3933 contra
1162 3870 1305 3933 relictam
1338 3871 1422 3932 Petri
1447 3889 1504 3952 per

240 3982 394 4043 Jacobum
420 3979 522 4041 filium
547 3980 623 4041 lake
639 3979 860 4040 testimonium
877 3997 973 4059 super
988 3977 1154 4048 solucione
1179 3977 1266 4038 XXII
1290 3976 1360 4041 flor.
1385 3976 1503 4058 produ·

240 4107 310 4148 cere
335 4086 507 4163 debuisset,
531 4098 639 4146 tamen
663 4103 729 4144 non
754 4083 843 4144 venit
865 4103 924 4145 nec
941 4083 1038 4161 misit,
1063 4102 1121 4145 nec
1137 4082 1357 4144 testimonIum
1382 4081 1503 4143 aduxit.

346 4193 422 4253 Item
441 4191 622 4253 DemetrIus
640 4204 748 4250 contra
762 4189 925 4250 Andream
940 4187 1081 4250 secundo
1099 4189 1212 4250 citatus
1228 4208 1293 4249 non
1312 4187 1501 4271 comparuit.

346 4298 423 4359 Item
438 4297 592 4359 Salomon
607 4307 715 4356 contra
731 4295 887 4355 Jacobum
899 4294 1004 4376 primo
1015 4293 1134 4375 judicio
1151 4293 1281 4355 debebit
1294 4293 1499 4376 respondere.

345 4404 423 4466 Item
449 4404 586 4463 Iacobus
617 4401 746 4462 Zirotka
778 4399 947 4461 statucioni
978 4413 1060 4461 terre
1091 4400 1256 4461 cuiusdam
1290 4400 1361 4461 EIie
1390 4399 1504 4461 stacio-

240 4508 321 4569 narii
345 4508 546 4590 periuratos
570 4505 685 4568 factam
711 4519 742 4566 et
773 4519 929 4567 metarum
963 4505 1175 4586 assignationi
1200 4506 1233 4567 in
1258 4506 1348 4568 nullo
1380 4520 1504 4569 contra·

242 4613 331 4693 dixit,
355 4633 433 4697 ymo
457 4613 626 4676 consensit.

347 4801 363 4836 ’⁸‘
382 4806 484 4855 Desam
502 4805 602 4869 aIIqaot
620 4803 693 4857 lolia.
