3488 5250
664 308 751 389 Anno'
774 328 865 409 1362.
888 365 932 375 —
955 341 1002 406 17.
1018 331 1111 407 junii.

364 542 441 604 ltem
467 561 559 604 causa
584 543 692 604 Petres
715 555 747 604 et
771 541 854 603 Petri
887 541 919 603 in
944 540 1027 603 facto
1051 539 1117 602 limi
1141 554 1188 603 est
1218 527 1259 602 ad
1283 555 1355 603 octo
1389 540 1456 602 dies
1479 540 1519 602 ad

258 667 369 731 pacem
394 629 582 730 prorogata.

364 754 442 816 Item
468 754 512 816 St.
536 768 645 816 contra
672 754 882 816 Benedictum
903 756 943 815 ad
967 769 1040 816 octo
1057 754 1126 817 dies
1149 755 1268 837 recepit
1291 754 1463 817 terminum
1479 754 1520 816 ad

258 859 530 943 respondendum.
596 905 599 913 .

363 967 442 1028 Item
466 986 561 1028 causa
586 967 667 1028 Petri
693 979 723 1027 et
749 967 875 1030 Nicolai
899 987 955 1049 per
972 969 1081 1029 Maren
1104 981 1135 1030 et
1159 968 1289 1030 Petrum
1313 979 1360 1030 est
1383 966 1423 1028 ad
1447 980 1520 1028 octo

258 1071 327 1135 dies
350 1071 390 1134 ad
415 1091 526 1154 pacem
551 1086 731 1154 prorogata.

362 1178 549 1239 Notandum
583 1178 683 1239 eciam
716 1192 762 1240 est
794 1192 825 1241 et
849 1199 885 1241 ex
918 1198 1002 1241 nunc
1023 1192 1196 1258 statutum,
1229 1193 1262 1241 ut
1291 1177 1398 1240 nullus
1429 1178 1519 1239 incli-

258 1302 375 1344 norum
406 1303 461 1344 seu
496 1282 713 1345 habitatorum
744 1284 880 1346 civitatis
908 1299 962 1346 aut
993 1285 1176 1366 aliquorum
1211 1303 1365 1366 vagorum
1398 1283 1520 1345 inhabi-

259 1388 399 1449 tancium
425 1389 586 1451 civitatem
610 1409 708 1469 arma,
732 1406 826 1472 puta:
850 1391 985 1472 gladios,
1003 1391 1155 1473 paslerios
1171 1411 1226 1452 seu
1245 1392 1359 1470 longos
1386 1389 1520 1452 bicellos

258 1507 461 1577 preterquam
486 1495 561 1557 ulne
592 1495 699 1558 medie
730 1510 783 1558 aut
815 1497 891 1559 citra
922 1496 1003 1559 ferre
1035 1511 1264 1580 presumpmat,
1296 1498 1321 1559 si
1346 1497 1402 1579 qui
1433 1498 1518 1559 enirn

258 1613 421 1682 portantes
446 1601 566 1662 inventi
599 1599 734 1680 fuerint,
766 1602 878 1665 talium
902 1624 990 1665 arma
1021 1624 1077 1686 per
1101 1603 1279 1686 quemlibet
1304 1604 1520 1666 invenientem

259 1707 360 1768 civem
385 1726 441 1768 seu
465 1726 657 1770 assessorem
682 1707 876 1771 auferantur.

365 1813 443 1874 ltem
466 1833 565 1895 gener
595 1813 712 1876 Sulech
744 1814 885 1877 secundo
917 1816 1030 1878 citatus
1061 1830 1170 1878 contra
1196 1796 1319 1876 Banuin
1344 1834 1409 1876 non
1434 1832 1521 1875 com·

259 1920 375 2001 paruit.

365 2027 442 2089 ltem
468 2027 629 2089 lohannes
653 2028 813 2089 Barbacus
837 2042 946 2090 contra
971 2027 1074 2090 filium
1098 2028 1253 2090 Anthonii
1277 2027 1392 2109 judicis
1415 2026 1521 2109 primo

259 2132 371 2194 citatus
395 2152 459 2194 non
490 2133 678 2215 comparuit.

364 2238 442 2299 ltem
474 2239 549 2320 quia
580 2238 731 2301 dominus
763 2240 898 2322 Mykech
931 2240 1089 2302 Francisci
1122 2253 1153 2302 et
1184 2239 1343 2322 Gerynus,
1375 2238 1430 2320 qui
1455 2250 1520 2298 tam

258 2363 348 2405 suam
374 2365 470 2427 quam
495 2346 594 2428 ipsius
618 2345 742 2408 domini
768 2347 904 2431 Mykech
929 2367 1039 2409 vocem
1066 2347 1219 2427 recitavit,
1244 2347 1325 2408 inter
1348 2345 1519 2406 Nicolaum

260 2452 452 2514 lanuensem
476 2466 507 2514 et
532 2453 720 2514 Kurkonem
745 2453 850 2516 taliter
882 2453 1100 2533 testificarunt,
1124 2469 1159 2515 ut
1182 2454 1248 2536 ipse
1271 2453 1311 2513 N.
1336 2451 1441 2513 eidem
1466 2470 1520 2532 pe-

258 2558 336 2621 tenti
360 2559 578 2621 remocionem
601 2557 824 2621 hedificiorum
849 2561 881 2622 in
907 2575 991 2622 meta
1023 2560 1269 2622 constitutorum
1293 2577 1394 2640 usque
1418 2556 1519 2638 ligna-

259 2665 384 2726 minum
408 2663 641 2727 adductionem
667 2680 698 2726 et
722 2684 787 2727 non
811 2667 894 2729 ultra
926 2667 1119 2745 indulsisset,
1151 2667 1247 2748 igitur
1270 2665 1296 2727 si
1322 2662 1403 2726 infra
1427 2663 1520 2746 quin-

258 2770 357 2832 denas
380 2772 446 2853 ipse
472 2772 582 2832 Kurlro
607 2771 725 2834 dictam
749 2773 967 2835 remocionem
992 2793 1056 2834 non
1082 2771 1191 2835 lecerit
1213 2786 1245 2835 et
1268 2785 1386 2834 metam
1419 2771 1520 2853 ipsam

258 2877 392 2939 liberam
416 2897 475 2960 pro
499 2877 615 2939 eodem
637 2897 703 2940 non
721 2878 887 2958 dimiserit,
904 2893 1019 2942 extunc
1035 2880 1067 2941 in
1085 2879 1204 2961 judicio
1221 2877 1393 2962 potenciali
1418 2895 1520 2939 rema·

259 2985 345 3047 nebit
362 3005 419 3066 pro
437 3004 486 3064 eo,
504 2984 578 3065 quia
596 2984 627 3045 in
644 2984 703 3046 hac
726 2998 823 3047 tracta
838 2986 880 3048 M.
906 2986 1007 3048 extitit
1030 3007 1048 3048 a
1072 2985 1199 3048 duobus
1223 2986 1273 3046 vel
1297 2985 1398 3046 tribus
1414 2984 1517 3045 annis.

364 3090 442 3152 ltem
466 3110 568 3172 usque
593 3090 772 3171 quindenas
797 3091 903 3174 Matey
935 3091 1038 3154 Scuka
1062 3092 1133 3154 lllll
1157 3091 1227 3154 flor.
1258 3104 1423 3173 tamquam
1448 3110 1519 3151 exe-

258 3211 348 3258 cutor
380 3196 555 3280 Mychaelis
587 3196 732 3279 Hungari
764 3199 917 3280 magistro
948 3198 1086 3261 Iohanni
1119 3199 1235 3281 Crispo
1266 3198 1390 3260 solvere
1414 3197 1520 3277 debet,

259 3301 408 3384 idemque
433 3303 582 3384 magister
607 3303 768 3366 lohannes
788 3304 915 3385 jurabit,
940 3304 1028 3386 quod
1053 3305 1116 3366 sint
1132 3305 1192 3366 sibi
1216 3304 1275 3387 ipsi
1296 3303 1410 3366 floreni
1435 3303 1520 3365 inso-

258 3407 328 3483 luti,
352 3409 441 3471 salvo
465 3429 515 3487 en,
539 3409 564 3470 si
590 3409 657 3491 ipse
683 3412 789 3494 Matey
819 3431 915 3493 super
938 3411 999 3472 hiis
1030 3411 1207 3493 producere
1239 3410 1354 3493 poterit
1378 3409 1520 3491 aliquam

258 3514 511 3596 expedicionem.

363 3622 442 3684 ltem
465 3622 568 3685 Draxe
593 3636 702 3684 contra
728 3623 899 3685 Nicolaum
923 3623 1116 3685 lanuensem
1140 3621 1281 3685 secundo
1306 3621 1418 3684 citatus
1454 3641 1519 3683 non

258 3727 447 3809 comparuit.

363 3834 440 3896 ltem
465 3833 611 3897 Thomas
635 3836 814 3918 Krapinger
845 3850 954 3898 contra
985 3836 1124 3898 eundem
1148 3836 1319 3898 Nicolaum
1344 3836 1449 3919 primo
1477 3836 1519 3897 ci-

257 3951 340 4001 tatus
363 3960 428 4002 non
452 3941 642 4023 comparuit.

361 4046 442 4109 ltem
463 4067 553 4109 soror
570 4047 713 4110 Kussech
737 4061 847 4112 contra
864 4046 993 4112 fratrem
1010 4069 1104 4111 suum
1128 4062 1242 4111 octavo
1267 4048 1318 4110 die
1342 4068 1437 4131 super
1455 4068 1519 4111 uno

256 4151 417 4233 pulvinari
442 4153 546 4235 jurare
570 4154 675 4218 debet.

362 4258 441 4320 ltem
465 4257 625 4342 Georgius
649 4259 790 4343 Gyanini
815 4274 924 4323 contra
949 4262 1078 4324 Petrum
1102 4261 1241 4343 juratum
1266 4262 1371 4345 primo
1406 4261 1520 4324 citatus

257 4383 323 4426 non
346 4366 535 4448 comparuit.

363 4470 441 4533 ltem
463 4472 573 4534 relicta
597 4472 687 4535 Pauli
713 4472 926 4557 Chezanycha
950 4487 1060 4536 contra
1076 4473 1239 4535 Andream
1257 4472 1396 4535 Tecicha
1413 4473 1519 4558 primo

257 4575 350 4638 citata
373 4596 438 4638 non
464 4578 653 4660 comparuit.

362 4683 441 4745 ltem
464 4684 617 4747 Nicolaus
639 4684 787 4767 eratich
810 4700 921 4749 contra
945 4686 1124 4749 iohannem
1149 4685 1266 4748 Cemer
1289 4685 1330 4748 ad
1353 4699 1427 4749 octo
1451 4686 1519 4749 dies

258 4789 378 4876 recepit
400 4789 574 4853 terminum
599 4790 641 4853 ad
662 4792 935 4874 respondendum.
