3488 5250
344 539 424 601 Item
448 559 542 601 causa
567 540 673 601 Jamer
695 552 805 602 contra
829 540 965 602 Paulum
990 539 1114 602 Culech
1138 539 1247 603 estad
1272 555 1345 602 octo
1370 539 1438 601 dies
1461 540 1502 602 ad

176 648 178 652 '
241 664 352 728 pacem
380 660 561 726 prorogata.

345 750 422 811 Item
447 770 540 812 causa
564 751 661 813 Blasii
688 765 798 814 contra
823 752 868 814 St.
893 767 940 814 est
965 751 1006 813 ad
1029 765 1103 814 octo
1127 752 1194 814 dles
1226 751 1267 814 ad
1292 771 1405 834 pacem
1429 771 1503 834 pro·

239 870 359 939 rogata.

346 963 425 1025 Item
458 964 588 1046 Mykow
621 983 720 1045 usque
753 963 934 1045 quindenas
966 964 1061 1025 debet
1091 964 1215 1025 solvere
1247 964 1348 1026 Paulo
1380 964 1504 1028 Culech

241 1087 338 1129 unam
362 1087 513 1131 marcam.

241 1221 247 1230 .
347 1174 426 1236 Item
451 1195 545 1237 causa
569 1195 632 1257 que
657 1176 790 1238 vertitur
814 1176 896 1238 inter
920 1174 1077 1238 famulum
1093 1176 1250 1259 gladipari
1274 1192 1306 1239 et
1330 1175 1369 1240 G.
1394 1197 1430 1238 ac
1454 1176 1504 1238 Ja-

236 1281 360 1341 cobum
385 1294 431 1342 est
455 1281 495 1341 ad
520 1294 593 1343 octo
617 1280 685 1344 dies
709 1283 749 1343 ad
773 1301 886 1365 pacem
909 1295 1090 1364 prorogata.

348 1387 425 1449 Item
450 1404 564 1449 octavo
589 1388 641 1450 die
665 1393 760 1450 Anna
784 1402 893 1451 contra
926 1387 1055 1450 fratrem
1078 1407 1172 1450 suum
1203 1408 1259 1471 per
1284 1388 1505 1467 Benedictum,

242 1496 371 1553 Annam
395 1507 426 1554 et
449 1494 602 1555 luanlram
624 1514 720 1577 super
745 1495 888 1576 qulnque
913 1494 1027 1556 marcis
1050 1494 1270 1557 testImonium
1295 1493 1451 1576 producet
1475 1507 1506 1556 et

238 1599 343 1660 aliurn
367 1600 403 1662 B.
427 1600 624 1683 selliparum.

350 1705 429 1766 Item
453 1720 567 1767 octavo
592 1708 643 1769 die
669 1707 764 1788 judex
789 1720 898 1769 contra
924 1706 1054 1769 Petrum
1086 1705 1181 1767 Zolar
1205 1724 1260 1787 per
1284 1705 1413 1767 Petrum
1446 1703 1507 1767 fra·
1547 1734 1557 1745 ·

244 1821 325 1871 trem
349 1810 500 1888 custodis,
525 1813 696 1875 Nicolaum
714 1812 927 1875 Zrebernicha
946 1826 977 1874 et
994 1814 1104 1873 Maren
1121 1830 1216 1893 super
1241 1811 1406 1893 vituperiis
1421 1811 1508 1873 testi-

247 1916 393 1977 monium
419 1918 595 1999 producere
619 1919 724 1981 debet.

351 2022 428 2084 Item
454 2022 616 2085 lohannes
640 2025 764 2086 laricha
789 2039 898 2087 contra
917 2023 1111 2105 Gregorium
1135 2023 1176 2085 ad
1200 2036 1273 2085 octo
1298 2022 1366 2085 dies
1389 2022 1509 2105 recepit

244 2128 418 2190 terminum
441 2130 480 2191 ad
505 2130 777 2211 respondendum.

350 2234 428 2296 Item
446 2255 540 2296 causa
557 2236 712 2297 Iohannis
729 2250 760 2297 et
777 2236 822 2298 St.
849 2235 951 2297 estad
968 2248 1041 2297 octo
1059 2235 1127 2296 dies
1142 2234 1184 2297 ad
1200 2253 1311 2316 pacem
1326 2247 1506 2315 prorogata.

349 2341 426 2401 Item
453 2342 484 2402 in
509 2342 682 2422 quindenis
700 2342 787 2402 Elias
804 2361 920 2422 parvus
942 2354 1068 2402 tenetur
1090 2341 1214 2403 solvere
1240 2339 1404 2401 Lachkoni
1429 2338 1509 2400 duaa

245 2463 360 2525 pensas
386 2446 664 2527 golobachiorum.

351 2553 429 2613 Item
454 2554 486 2613 in
511 2553 683 2633 quindenis
708 2552 775 2614 Cus
798 2551 937 2613 carnifex
968 2567 1095 2614 tenetur
1125 2551 1249 2613 solvere
1274 2551 1357 2613 Sisse
1381 2564 1508 2612 centum

247 2659 396 2720 denarIos
431 2660 537 2720 minus
571 2658 629 2736 IlI;
665 2659 816 2740 idemque
847 2659 930 2720 Sissa
966 2658 1084 2739 jurabit
1114 2656 1203 2739 quod
1238 2658 1306 2718 eius
1341 2655 1509 2717 consocius

246 2784 311 2826 non
336 2765 440 2828 luerit.

352 2871 430 2932 Item
455 2885 569 2933 octavo
602 2871 653 2932 die
678 2871 816 2933 Michael
851 2869 939 2932 faber
970 2884 1079 2932 contra
1104 2869 1247 2931 Blasium
1278 2882 1432 2929 sartorem
1456 2885 1512 2948 per

248 2977 323 3038 Kun
349 2991 380 3038 et
404 2977 670 3038 ScuIcheuicham
692 2997 788 3058 super
812 2996 861 3055 00,
892 2978 980 3059 quod
1011 2996 1091 3038 uxor
1113 2995 1170 3037 sua
1201 2975 1396 3037 servitricem
1421 2991 1514 3065 sttrtru¹

248 3085 462 3145 verberaverit
485 3084 706 3145 testimonium
731 3084 897 3165 producet.

353 3189 432 3250 Item
448 3203 571 3250 octavo
596 3189 647 3250 die
670 3209 787 3269 parvus
812 3189 899 3250 Elias
928 3201 1038 3249 contra
1063 3187 1204 3249 relictam
1238 3184 1433 3247 Loncholoti
1457 3203 1514 3266 per

251 3295 439 3378 symonem,
465 3295 508 3356 St.
535 3295 673 3377 SaIuych
698 3310 729 3357 et
752 3295 829 3356 Iuan
861 3293 1000 3355 Plauech
1032 3312 1202 3375 supereo,
1235 3291 1323 3373 quod
1348 3290 1513 3351 DemetrIo

251 3401 276 3462 II
301 3398 370 3463 flor.
398 3414 429 3461 et
461 3400 660 3462 Lancholoto
692 3401 717 3462 II
750 3399 819 3462 flor.
852 3400 1008 3477 solvisset,
1038 3399 1115 3479 quin
1149 3417 1221 3459 cum
1253 3396 1367 3479 quinto
1390 3394 1513 3457 floreno

250 3509 318 3588 ipse
342 3507 559 3568 Lancholotus
583 3507 643 3567 sibi
669 3507 848 3569 dimisisset.

355 3614 433 3675 Item
457 3628 571 3675 octavo
601 3613 652 3674 die
677 3612 794 3695 jurabit
826 3612 980 3675 Crisanus
1012 3626 1121 3672 contra
1153 3609 1333 3670 Iohannem
1358 3621 1514 3669 sartorem

251 3721 339 3801 quod
352 3721 479 3781 nullum
496 3721 673 3801 dampnum
691 3720 750 3780 sibi
776 3739 834 3780 nec
858 3738 963 3801 perse
988 3737 1046 3778 nec
1063 3737 1137 3777 suos
1150 3715 1298 3777 homines
1322 3713 1513 3790 intullisset;

248 3841 280 3888 et
303 3826 434 3888 demum
460 3845 561 3906 usque
586 3825 787 3887 Petlrecostes
811 3825 952 3906 quodam
977 3844 1031 3884 vas
1055 3824 1248 3884 tenebuntur
1271 3840 1466 3883 mensurare.

354 3933 433 3994 Item
458 3932 581 3992 Blasius
605 3944 714 3992 contra
738 3932 781 3992 M.
808 3931 843 3993 L.
867 3929 908 3990 ad
931 3943 1004 3991 octo
1034 3928 1101 3989 dies
1126 3928 1245 4008 recepit
1274 3927 1449 3988 termInum
1472 3923 1514 3986 ad

251 4037 522 4119 respondendum.

356 4144 434 4205 Item
459 4158 572 4204 octavo
598 4143 648 4203 die
681 4144 777 4224 Myke
810 4155 921 4203 contra
954 4142 1120 4223 Marynam
1144 4159 1177 4200 se
1209 4153 1314 4199 sextus
1338 4136 1456 4199 iurabit
1480 4135 1513 4196 ln

252 4250 384 4311 crImine
409 4247 521 4310 furtas.

355 4356 435 4417 Item
459 4353 537 4416 feria
561 4354 657 4438 tercia
680 4352 864 4414 Anthonius
888 4367 998 4414 contra
1023 4352 1167 4412 Marcum
1191 4349 1408 4431 respondebit.

320 4463 322 4467 ’
357 4462 434 4524 Item
459 4461 657 4542 Dampianus
681 4473 791 4521 contra
816 4458 911 4521 luech
935 4457 974 4518 ad
1009 4471 1082 4519 octo
1107 4456 1175 4518 dies
1199 4456 1318 4536 recepit
1341 4447 1515 4516 terminum

252 4571 293 4631 ad
318 4569 589 4652 respondendum.

357 4676 436 4737 Item
461 4674 607 4737 Thomas
630 4672 760 4754 jobagio
792 4668 999 4753 LoytrIniche
1030 4683 1140 4731 contra
1165 4667 1292 4730 Mikech
1317 4667 1353 4726 L.
1379 4665 1419 4727 ad
1444 4676 1518 4726 octo

254 4783 323 4844 dies
346 4782 465 4864 recepit
487 4780 661 4843 terminum
687 4778 727 4840 ad
750 4774 1025 4860 respondendum.
