3488 5250
619 323 705 380 Anno
728 317 819 398 1362.
842 355 887 364 -
910 334 957 380 12.
982 323 1108 394 augusti.

334 532 412 594 Item
438 551 618 614 causaque
644 531 775 593 vertitur
804 530 886 592 inter
909 531 948 592 N.
983 529 1195 592 Zrebernicha
1219 544 1251 591 et
1283 531 1359 591 luan
1384 543 1431 592 est
1454 529 1494 590 ad

228 652 301 701 octo
325 638 393 700 dies
417 638 457 700 ad
481 657 594 720 pacem
619 650 798 720 prorogata.

337 745 416 806 Item
439 746 547 827 Matey
571 744 675 807 Scuka
700 757 808 806 contra
831 743 1000 805 dominum
1018 741 1198 805 Jobannem
1216 740 1366 824 Crispum
1390 741 1494 824 primo

228 851 341 913 citatus
367 870 432 913 non
461 850 649 933 comparuit.

334 959 412 1020 ltem
436 977 530 1019 causa
555 975 617 1037 que
641 955 774 1017 vertitur
798 955 880 1018 inter
898 954 1006 1018 Golob
1030 968 1061 1017 et
1083 954 1266 1017 Cristanum
1292 952 1494 1014 molendina·

227 1079 329 1128 torem
354 1063 464 1126 estad
489 1076 562 1124 octo
587 1062 656 1124 dies
679 1060 720 1122 ad
745 1081 856 1144 pacem
879 1075 1061 1145 prorogata.

335 1171 412 1232 ltetn
436 1169 502 1232 filia
527 1169 653 1230 Malech
678 1183 787 1231 contra
812 1168 951 1230 eundem
979 1169 1084 1250 primo
1104 1168 1197 1229 citata
1222 1186 1287 1228 non
1304 1167 1494 1250 comparuit.

334 1278 411 1339 ltem
436 1276 555 1338 Paulus
579 1288 689 1337 contra
713 1275 872 1357 Kyrinum
898 1275 1002 1357 primo
1034 1274 1146 1336 citatus
1169 1293 1234 1335 non
1260 1273 1449 1356 comparuit.

332 1383 410 1445 ltem
435 1382 543 1444 relicta
577 1381 743 1464 Meynardi
776 1394 885 1443 contra
916 1400 1052 1463 generos
1086 1380 1231 1442 eiusdem
1262 1379 1302 1441 ad
1326 1391 1399 1441 octo
1425 1378 1494 1440 dies

229 1490 348 1572 recepit
370 1489 546 1552 terminum
569 1487 610 1549 ad
639 1486 912 1570 respondendum.
1147 1487 1152 1496 '

335 1597 413 1657 Item
424 1596 533 1678 Matey
547 1594 651 1656 Scuka
665 1607 774 1655 contra
788 1592 919 1655 eosdem
933 1592 1074 1654 secundo
1092 1593 1205 1654 citatus
1221 1612 1286 1654 non
1304 1592 1493 1673 comparuit.

334 1701 412 1763 ltern
437 1701 604 1763 Farcasius
627 1714 736 1763 contra
760 1719 900 1762 rasorem
934 1700 1030 1782 panni
1057 1699 1182 1761 domini
1206 1700 1290 1760 Petri
1313 1699 1419 1782 primo
1451 1698 1493 1761 ci-

227 1821 311 1870 tatus
335 1827 400 1869 non
425 1808 614 1889 comparuit.

333 1914 411 1976 ltem
437 1913 514 1975 luan
539 1927 648 1975 contra
665 1913 838 1974 Martinam
863 1925 977 1974 octavo
994 1911 1045 1973 die
1070 1931 1103 1973 se
1127 1911 1244 1973 tercius
1260 1910 1387 1992 jurabit,
1404 1909 1492 1992 quod

229 2021 334 2102 ipsum
358 2020 454 2081 nullis
477 2022 542 2081 suis
566 2018 729 2081 demeritis
752 2018 967 2095 vulnerasset;
997 2017 1174 2080 Lucachius
1198 2030 1305 2079 autem
1331 2015 1416 2078 filius
1433 2016 1493 2077 llse

230 2126 332 2188 extitit
355 2125 534 2206 fideiussor,
559 2125 647 2207 quod
664 2126 689 2187 si
714 2126 781 2207 ipse
798 2125 955 2186 Martinus
970 2144 1027 2207 per
1044 2125 1149 2207 ipsum
1166 2124 1244 2185 luan
1260 2124 1311 2184 vel
1327 2123 1493 2205 proximos

228 2253 304 2294 suos
328 2233 360 2293 in
392 2253 527 2315 persona
559 2232 775 2295 offenderetur
806 2246 861 2293 aut
892 2231 1103 2313 inceperetur‚
1130 2230 1191 2291 XX
1215 2248 1337 2291 marcas
1368 2229 1492 2290 solvere

228 2352 398 2402 teneretur.
1480 2409 1481 2412 Ἴ

333 2448 412 2509 ltem
437 2467 531 2509 causa
555 2446 755 2529 Margarethe
779 2459 809 2507 et
841 2445 938 2508 luane
970 2444 1009 2507 ad
1043 2457 1115 2506 octo
1140 2443 1208 2505 dies
1244 2457 1290 2505 est
1314 2442 1353 2504 ad
1380 2460 1492 2524 pacem

228 2566 409 2635 prorogata.

332 2656 410 2721 Item
442 2659 550 2720 relicta
584 2659 702 2740 Loytre
734 2672 844 2721 contra
876 2657 1051 2720 Martinum
1084 2655 1209 2739 Reyniz
1233 2654 1375 2717 secundo
1399 2653 1492 2715 citata

227 2785 292 2827 non
322 2765 511 2848 comparuit.

333 2872 410 2933 ltem
435 2891 528 2933 causa
554 2871 639 2933 Cuse
665 2884 695 2933 et
719 2870 884 2933 cuiusdam
904 2870 1048 2932 mulieris
1071 2869 1168 2932 luane
1194 2889 1249 2952 per
1273 2885 1427 2951 precones
1451 2868 1492 2930 ad

226 2990 299 3039 octo
324 2977 393 3039 dies
417 2990 464 3039 est
488 2976 527 3038 ad
551 2995 664 3059 pacem
688 2990 869 3059 prorogata.

332 3084 409 3145 ltem
435 3103 529 3145 causa
550 3082 690 3145 filiorum
709 3083 838 3146 Strosak
862 3096 893 3145 et
910 3083 1008 3145 Blasii
1026 3083 1227 3144 Bremennalr
1251 3081 1285 3143 in
1309 3080 1393 3146 facto
1409 3096 1491 3145 terre

226 3189 428 3271 inpignorate
453 3203 499 3251 est
523 3189 714 3271 adjudicata,
738 3203 773 3252 ut
796 3190 856 3272 ipsi
888 3189 945 3252 filii
972 3188 1102 3251 Strosak
1126 3188 1166 3250 ab
1191 3187 1306 3249 eodem
1330 3187 1490 3250 redimant

228 3295 330 3377 ipsam
355 3309 470 3356 terram
494 3315 552 3377 pro
577 3295 602 3356 ll
626 3296 741 3357 marcis
764 3315 822 3378 pro
854 3295 972 3377 quibus
1003 3292 1085 3356 foret
1118 3293 1332 3375 inpignorata,
1367 3307 1397 3356 et
1422 3294 1489 3376 ipsa

219 3399 402 3484 redempta,
427 3400 588 3483 possideat
612 3420 682 3462 eam
707 3401 839 3463 nomine
863 3401 911 3462 sui
936 3399 1023 3483 juris.

332 3508 410 3570 ltem
435 3527 529 3570 causa
552 3507 740 3570 eorumdem
765 3506 905 3569 filiorum
924 3507 1057 3570 Strozak
1081 3521 1112 3569 et
1130 3505 1256 3569 Crisani
1280 3506 1314 3567 in
1338 3503 1422 3567 lacto
1446 3505 1490 3567 al-

226 3614 325 3676 terius
357 3627 439 3676 terre
470 3634 571 3696 prope
604 3613 794 3697 Gorymlam
830 3614 993 3676 existentis
1024 3626 1070 3676 est
1099 3612 1206 3676 taliter
1238 3610 1430 3690 adiudicare,
1453 3624 1488 3672 ut

225 3720 294 3802 ipsa
314 3735 396 3782 terra
414 3720 575 3783 dividetur
591 3721 623 3783 in
641 3733 779 3803 quatuor
796 3735 909 3803 partes,
926 3721 1017 3784 cuius
1041 3720 1080 3782 lll
1098 3734 1202 3803 partes
1219 3740 1292 3781 curn
1309 3718 1487 3781 redditibus

225 3824 300 3889 anni
323 3827 479 3908 presentis
503 3827 580 3909 ipsis
603 3825 677 3888 liliis
701 3827 829 3890 Strosak
854 3846 928 3888 cum
958 3846 1068 3890 sorore
1100 3846 1212 3888 eorum
1242 3826 1356 3889 cedant
1378 3840 1409 3886 et
1432 3825 1489 3888 de-

227 3931 406 4011 volventur,
431 3946 543 4014 quarta
567 3953 644 3995 vero
668 3953 751 4015 pars,
776 3933 926 3997 videlicet
945 3934 1052 4013 Blasii,
1070 3934 1129 4016 ipsi
1148 3932 1285 3995 Crisano
1302 3932 1489 3996 remanebit.

331 4038 408 4100 ltem
442 4038 546 4101 adbuc
578 4058 671 4101 causa
704 4039 863 4102 dictorum
894 4039 1035 4102 filiorum
1066 4040 1200 4103 Strozak
1231 4053 1263 4101 et
1293 4038 1425 4120 Dragun
1457 4039 1489 4099 in

225 4143 309 4206 lacto
333 4145 427 4206 vinee
451 4159 498 4208 est
521 4145 626 4207 taliter
648 4145 840 4226 adiudicata,
865 4159 900 4208 ut
923 4146 989 4230 ipsa
1014 4147 1105 4208 vinea
1130 4146 1276 4208 similiter
1300 4146 1332 4206 in
1352 4157 1490 4228 quatuor

225 4264 329 4334 partes
352 4251 524 4330 dividetur,
548 4251 639 4313 cuius
662 4264 724 4312 tres
748 4265 853 4334 partes
878 4252 999 4314 eisdem
1026 4251 1100 4314 filiis
1125 4252 1258 4315 Strozak
1282 4270 1354 4313 cum
1379 4270 1488 4312 sorore

225 4360 448 4437 remanebunt,
472 4378 544 4440 pars
568 4372 675 4421 autem
707 4374 820 4441 quarta
851 4360 1029 4421 remanebit
1053 4359 1158 4421 eidem
1183 4359 1333 4441 Dragun3
1358 4358 1488 4440 insuper

225 4464 375 4546 quitquid
393 4464 573 4544 juramento
590 4464 751 4527 mediante
770 4465 856 4527 idem
872 4465 1002 4547 Dragun
1021 4484 1106 4526 anno
1125 4465 1261 4547 presenti
1283 4484 1316 4526 se
1335 4463 1489 4525 addictas

224 4582 287 4631 tres
302 4584 407 4653 partes
423 4570 517 4632 vinee
534 4570 721 4652 expendisse
741 4571 974 4654 comprobabit,
992 4571 1072 4632 illud
1089 4571 1149 4653 ipsi
1177 4569 1235 4632 filii
1253 4571 1384 4633 Strosak
1408 4567 1488 4632 infra

225 4678 405 4760 quindenas
420 4677 547 4739 solvent
563 4677 622 4760 ipsi
641 4677 782 4759 Dragun,
796 4677 885 4760 quod
901 4678 926 4738 si
940 4677 1065 4739 solvere
1082 4677 1256 4740 maluerint
1268 4675 1350 4739 infra
1362 4690 1489 4758 tempus

225 4784 397 4865 vindemie,
423 4785 490 4868 ipse
515 4784 647 4866 Drsgun
670 4784 751 4847 tolet
772 4784 901 4847 vineam
925 4800 956 4846 et
987 4783 1109 4847 fructus
1139 4785 1274 4846 omnino
1298 4767 1489 4869 percipient.
