3488 5250
660 357 925 437 Anno1363.--
949 357 1002 423 28.
1020 360 1107 436 julii.
1228 393 1232 402 ·
1455 381 1520 443 295
1569 368 1570 372 ’

254 569 371 633 domus
394 589 450 631 sue
474 568 562 651 juxta
583 583 708 652 portam
736 570 886 633 Latinam
911 572 1093 651 constitute,
1116 572 1149 633 in
1170 570 1424 635 satisfaccionem
1448 592 1519 654 pre·

254 675 425 737 missorum
450 676 570 738 litteras
594 690 722 738 nostras
742 674 897 739 faciemus
919 678 1072 741 emansri.

360 780 439 843 Item
463 800 557 842 causa
574 779 699 843 Malech
722 781 870 864 pellificis
890 783 921 845 in
940 781 1024 845 facto
1040 783 1279 865 prosecucionis
1295 801 1352 844 sue
1374 783 1522 866 appellas

253 887 355 949 cionis
378 887 615 970 perhemptorie
638 888 748 950 estad
773 903 852 952 octo<
871 889 940 951 dies
963 903 1145 971 prorogata.
1423 969 1425 972 Α

360 992 439 1055 Item
456 1012 550 1054 causa
575 993 620 1056 St.
654 993 773 1055 taslarii
798 1009 830 1057 et
860 995 969 1058 relicte
1002 994 1079 1056 luan
1111 1015 1167 1076 par
1190 995 1277 1077 Span
1310 996 1420 1064 estad
1444 1008 1518 1058 octo

253 1097 326 1161 dies
345 1098 386 1160 ad
410 1118 523 1180 pacem
545 1112 726 1181 prorogata.

360 1203 439 1266 item
463 1204 576 1266 Petrus
591 1203 732 1267 frenator
748 1224 850 1287 usque
866 1206 1047 1287 quindenae
1064 1206 1160 1269 debet
1175 1207 1303 1268 solvere
1317 1206 1363 1278 St.
1386 1204 1517 1289 pelfifici

253 1322 317 1370 tres
340 1329 454 1391 pensas
478 1309 683 1373 denariorum
708 1330 803 1394 super
826 1312 945 1393 quibus
968 1311 1094 1393 iuravit.

361 1413 439 1475 item
462 1427 578 1477 octavo
596 1416 648 1477 die
665 1417 785 1478 Zranka
809 1436 844 1478 se
859 1417 1000 1479 secunda
1016 1432 1126 1480 contra
1143 1418 1312 1480 Mortonos
1327 1417 1406 1479 Zedi
1422 1437 1518 1500 super

253 1538 303 1597 eo,
328 1520 417 1601 quod
441 1520 531 1582 nulla
554 1541 611 1583 sua
635 1523 720 1584 bona
744 1524 899 1605 receperit
921 1522 1138 1604 juramentum
1161 1523 1323 1606 prestabit.

361 1625 439 1688 item
474 1628 620 1689 Andreas
653 1626 743 1690 faber
774 1629 879 1711 primo
918 1630 1031 1692 citatus
1066 1643 1175 1692 contra
1209 1628 1415 1697 Radoalaum
1450 1646 1520 1689 non

253 1731 443 1814 comparuit.

358 1837 436 1898 Item
472 1837 610 1900 Michsel
644 1839 834 1925 Pintikachy
864 1842 970 1924 primo
1009 1841 1123 1908 citatus
1161 1855 1271 1903 contra
1303 1842 1414 1903 Mareu
1449 1859 1520 1905 non

252 1944 443 2025 comparuit.

359 2048 437 2111 Item
461 2071 556 2114 causa
579 2051 722 2115 Cussech
745 2067 777 2116 et
800 2054 925 2116 Nicoiai
955 2053 1191 2116 aurifabrorum
1215 2054 1254 2116 ad
1280 2067 1354 2115 octo
1377 2054 1446 2115 dies
1469 2043 1520 2116 est

252 2153 292 2215 ad
318 2174 429 2236 pacem
454 2171 634 2239 prorogata.

356 2260 434 2323 item
458 2260 535 2325 feria
559 2264 655 2326 tercia
672 2264 799 2326 Mikech
823 2279 854 2327 et
871 2263 966 2328 frater
982 2264 1117 2327 Obrami
1133 2279 1283 2329 teneatur
1298 2265 1416 2329 referre
1432 2266 1514 2347 quid

249 2366 350 2428 scient
374 2368 456 2430 inter
480 2368 651 2432 Crisanum
675 2384 706 2432 et
731 2369 874 2433 Obraam
905 2371 936 2432 in
961 2369 1045 2433 facto
1069 2372 1146 2434 vini.

356 2471 436 2536 Item
461 2475 642 2538 Demetrius
665 2477 772 2559 Brayn
796 2491 827 2538 et
851 2476 988 2539 Jancech
1014 2479 1120 2561 primo
1143 2478 1229 2540 citati
1254 2491 1364 2541 contre
1388 2477 1515 2540 Memfi-

250 2597 329 2639 num
355 2598 421 2641 non
445 2597 703 2664 comparuerunt.

357 2685 435 2747 item
460 2686 504 2749 St.
529 2687 615 2750 filius
639 2688 786 2751 Cernech
818 2689 924 2772 primo
956 2691 1070 2752 ciratus
1094 2704 1203 2752 contra
1236 2691 1321 2752 Pero
1340 2710 1407 2753 non
1427 2710 1515 2753 com·

251 2790 365 2871 paruit.

356 2895 434 2958 item
466 2897 665 2979 Dragozlaus
696 2913 727 2961 et
757 2899 836 2962 Iuan
868 2901 1042 2964 Ztrelarich
1074 2903 1179 2983 primo
1210 2903 1296 2965 citati
1329 2917 1439 2965 contra
1468 2901 1514 2964 fa·

250 3000 376 3062 mulum
400 3003 516 3064 Marini
542 3005 647 3066 Latini
672 3025 738 3067 non
762 3021 1021 3087 comparuerunt.

358 3107 436 3169 Item
460 3129 554 3171 causa
578 3110 650 3172 El-ie
672 3123 704 3174 et
727 3111 817 3174 achk
840 3112 880 3174 ad
898 3126 972 3174 octo
988 3112 1057 3174 dies
1080 3127 1126 3175 est
1149 3127 1317 3195 prorogata
1334 3113 1374 3175 ad
1391 3133 1514 3196 pacem.

356 3214 434 3276 item
467 3215 613 3278 Thomas
642 3231 752 3280 contra
784 3218 952 3287 Wfkotam
992 3219 1032 3279 de
1063 3218 1230 3302 Cbucerya
1262 3220 1368 3302 primo
1400 3221 1515 3283 citatus

250 3338 314 3379 non
339 3322 528 3402 comparuit.

356 3425 434 3488 Item
459 3447 552 3490 causa
577 3429 816 3509 prosecucionis
847 3429 1078 3512 appellacioois
1109 3431 1277 3493 Laurencii
1301 3431 1440 3492 Vardicb
1470 3430 1513 3494 sd

249 3545 323 3593 octo
346 3531 414 3594 dies
436 3533 477 3594 ad
495 3534 761 3614 conduccionem,
777 3555 834 3618 per
850 3535 954 3617 ipsum
978 3535 1191 3598 Laurencium
1216 3535 1406 3615 faciendam,
1430 3535 1513 3617 judi-

250 3655 323 3697 cum
347 3638 555 3720 antiquorum
579 3654 626 3702 est
652 3654 835 3723 prorogata.

355 3743 433 3807 item
457 3744 576 3807 Paulus
599 3760 710 3808 contra
733 3745 810 3808 iuan
835 3747 940 3829 primo
974 3749 1087 3810 citatus
1112 3767 1176 3809 non
1201 3747 1391 3829 comparuit.

359 3848 437 3910 irem
461 3864 575 3912 octavo
600 3852 651 3913 die
676 3852 822 3934 Dragech
846 3867 935 3915 sutor
958 3867 1068 3916 contra
1092 3854 1235 3915 relictam
1259 3852 1440 3916 Chezauice
1456 3873 1513 3936 per

250 3954 359 4017 Endre
382 3956 539 4018 decanum
558 3970 589 4020 et
607 3958 759 4021 Maricam
781 3978 877 4040 super
901 3959 1067 4042 vituperiis
1082 3959 1190 4021 uxoris
1212 3979 1268 4021 sue
1291 3959 1513 4021 testimonium

250 4061 415 4142 producet.

356 4166 433 4228 item
458 4182 572 4230 octavo
596 4169 649 4233 die
674 4168 801 4232 Cernka
825 4184 934 4231 contra
963 4171 1152 4233 Petrenkam
1183 4190 1240 4253 per
1263 4170 1406 4232 relictam
1431 4167 1512 4231 Gra-

249 4271 336 4351 cioli,
361 4291 492 4335 uxorem
517 4275 586 4336 Kus
610 4289 641 4336 et
665 4293 796 4337 uxorem
822 4273 879 4337 filii
911 4277 998 4338 Kuce
1030 4277 1250 4343 testimonium
1274 4296 1370 4358 super
1400 4277 1512 4337 verbe-

250 4378 337 4439 ribus
360 4379 526 4462 producet.

355 4484 434 4547 Item
470 4485 612 4548 Terman
649 4502 758 4550 contra
794 4488 957 4572 Volynum
994 4488 1120 4550 fabrum
1155 4503 1242 4550 actor
1277 4489 1413 4550 existens
1444 4506 1511 4549 non

250 4591 439 4673 comparuit.

355 4698 434 4760 item
465 4712 580 4761 octavo
611 4698 663 4762 die
692 4699 801 4761 relicta
826 4700 917 4761 Pauli
952 4714 1062 4762 contra
1097 4699 1273 4782 Georgium
1306 4719 1339 4761 se
1371 4696 1512 4761 secunda

248 4822 345 4886 super
367 4804 533 4885 vituperiis
556 4804 664 4866 uxoris
686 4818 717 4868 et
739 4804 804 4867 filie
828 4823 884 4867 sue
908 4805 1122 4886 juramentum
1146 4806 1309 4889 prestabit.
