3488 5250
647 341 732 397 Anno
755 351 842 414 1355.
867 374 910 382 -
933 353 981 400 12.
998 340 1091 414 junii.
1467 352 1506 415 23

241 557 365 617 solvere
389 553 506 636 poterit
530 551 581 611 vel
604 550 788 612 vendicioni
814 549 931 611 dictam
965 549 1092 609 vineam
1119 547 1321 629 exponendo,
1356 547 1405 608 vel
1442 546 1507 607 alio
1551 586 1555 595 -

243 643 360 738 m'odo;
385 660 410 721 si
435 672 543 719 autem
567 676 632 718 non
651 657 778 739 poterit,
795 669 871 717 tunc
895 655 1055 737 predictus
1080 653 1241 715 Iohannes
1265 652 1507 714 archidiaconus

242 769 360 829 dictam
384 765 512 826 vineam
538 762 720 824 venditioni
746 781 905 843 exponere
937 760 1066 821 habebit
1090 758 1274 820 facultatem
1306 757 1391 839 juxta
1415 777 1505 818 suam

242 871 486 948 conscienciam,
503 869 563 931 hoc
586 870 673 929 salva
698 868 850 950 porcione
875 866 1003 928 Martini
1028 865 1103 926 socii
1129 865 1188 926 sui.

346 975 422 1039 Item
449 975 641 1037 Benedictus
665 972 801 1035 carnifex
821 974 872 1033 die
896 986 1010 1034 octavo
1028 970 1122 1032 debet
1143 971 1361 1032 testimonium
1387 969 1504 1052 produ·

241 1104 310 1147 cere
335 1102 408 1145 cum
434 1082 562 1143 Emrico
589 1079 734 1142 carnifice
759 1099 853 1161 super
876 1078 1070 1161 quibusdam
1096 1078 1324 1139 mercimoniis.

344 1187 422 1250 Item
456 1189 620 1249 Martonos
643 1186 772 1247 sellator
809 1199 918 1247 contra
953 1182 1131 1245 Francham
1163 1183 1268 1266 primo
1292 1184 1406 1244 citatus
1438 1203 1504 1245 non

240 1295 429 1377 comparuit.

344 1397 421 1462 Item
447 1398 567 1460 Kunilo
591 1412 700 1460 contra
724 1399 838 1480 Artuig
861 1397 1003 1459 secundo
1027 1398 1139 1458 citatus
1161 1416 1226 1457 non
1251 1396 1440 1478 comparuit.

343 1504 420 1568 Item
446 1504 587 1586 Endrey,
610 1504 748 1565 inclinus
772 1502 926 1565 Iohannis
941 1503 1075 1581 Zobote‚
1099 1502 1374 1563 contrankman
1400 1502 1504 1584 primo

239 1613 352 1675 citatus
375 1631 440 1673 non
465 1610 653 1692 comparuit.

298 1846 395 1921 Perfa
423 1856 520 1920 sexta
548 1850 701 1938 proxima
730 1854 805 1936 post
832 1849 954 1920 festum
982 1848 1071 1918 beati
1101 1847 1252 1919 Bernaba
1277 1846 1431 1935 apostoli.

780 2001 841 2076 (12.
857 2000 963 2077 junii).

343 2156 421 2221 Item
439 2159 547 2220 Petres
560 2156 700 2220 carnifex
711 2158 762 2219 die
776 2171 889 2220 octavo
906 2158 1002 2220 debet
1017 2158 1210 2240 respondere
1227 2170 1335 2219 contra
1350 2157 1503 2223 Bartuch.

345 2262 421 2326 Item
448 2265 593 2325 Emricus
617 2262 755 2325 carnifex
781 2264 833 2325 die
857 2277 971 2325 octavo
1003 2264 1098 2325 debet
1132 2264 1350 2325 testimonium
1381 2264 1500 2346 produ·

239 2390 309 2432 cere
334 2390 407 2431 cum
425 2371 559 2431 Nicolao
578 2370 707 2431 Sanclin
732 2383 762 2431 et
780 2369 956 2431 Benedicto
974 2369 1175 2431 carnificibus
1199 2384 1308 2433 contra
1333 2371 1499 2434 Marenum

238 2497 333 2558 super
358 2496 407 2555 e0,
433 2476 519 2558 quod
545 2477 611 2558 ipse
636 2476 780 2537 debitum
807 2476 912 2537 eidem
944 2477 1097 2558 persolvit
1120 2497 1178 2558 pro
1211 2496 1276 2559 quo
1300 2477 1394 2540 habet
1419 2480 1500 2542 circa

239 2583 344 2664 ipsum
369 2582 485 2663 pignus
509 2595 696 2662 argenteum
729 2582 760 2642 in
794 2602 857 2643 una
881 2584 974 2643 bursa
1012 2583 1051 2644 de
1077 2583 1177 2644 serico
1213 2582 1293 2644 facta
1325 2585 1498 2665 sigillatum

237 2688 290 2766 ita,
314 2688 402 2769 quod
426 2688 451 2748 si
477 2686 571 2749 fuerit
594 2685 755 2748 sufficiens
778 2688 1009 2767 testimonium,
1033 2690 1115 2750 bene
1140 2689 1282 2769 quidem,
1307 2691 1356 2751 sin
1380 2705 1498 2772 autem,

235 2793 357 2874 judices
380 2793 613 2856 deliberabunt.

341 2897 416 2961 Item
443 2919 534 2961 causa
560 2899 685 2982 Boynik
709 2914 740 2960 et
764 2897 847 2961 lwan
883 2919 984 2981 usque
1017 2900 1102 2962 diem
1136 2916 1285 2963 octavum
1315 2903 1355 2964 ad
1386 2923 1498 2985 pacem

235 3019 281 3066 est
305 3019 485 3087 prorogata.

340 3111 419 3173 Item
451 3111 595 3172 Andreas
627 3110 715 3173 faber
747 3125 777 3172 et
808 3112 945 3173 Iacobus
976 3113 1178 3194 apotelrarius
1203 3128 1311 3175 contra
1344 3116 1497 3195 Blasium,

235 3216 337 3278 filium
363 3215 505 3298 Georgii,
529 3218 634 3298 primo
659 3217 743 3278 citati
769 3237 833 3279 non
859 3231 1115 3299 comparuerunt.

338 3321 415 3384 Item
440 3324 551 3384 Maren
575 3336 684 3384 contra
709 3325 823 3404 Artuig
846 3324 950 3406 primo
975 3325 1087 3385 citatus
1111 3344 1176 3386 non
1202 3326 1390 3408 comparuit.

337 3425 415 3490 Item
439 3428 583 3491 Andreas
608 3430 658 3491 die
684 3443 798 3491 octavo
823 3431 918 3491 debet
941 3430 1099 3492 testificari
1114 3433 1277 3493 racionem
1302 3452 1399 3513 quarn
1416 3433 1497 3496 vidit

235 3534 317 3595 inter
335 3535 527 3596 Markettum
545 3549 575 3596 et
598 3536 713 3616 Artuig
738 3534 863 3597 factam.

338 3637 416 3701 Item
440 3641 548 3701 Petres
572 3640 711 3702 carnifex
736 3654 845 3703 contra
870 3642 1050 3720 Nicolaum,
1075 3642 1176 3705 filium
1203 3644 1298 3722 luan,
1323 3645 1426 3727 primo
1452 3646 1494 3707 ci-

232 3757 315 3806 tatus
339 3766 403 3807 non
428 3747 617 3829 comparuit.

338 3848 414 3913 Item
447 3852 555 3914 relicta
588 3853 737 3914 Jurlronis
767 3866 892 3914 tenetur
932 3853 963 3914 in
1004 3855 1176 3935 quindenis
1210 3856 1334 3917 solvere
1368 3857 1494 3918 Mikech

233 3956 370 4018 condam
384 3956 480 4036 judici
494 3955 518 4020 II
536 3957 675 4020 florenos
692 3973 722 4020 ct
746 3956 780 4020 IlI
794 3980 907 4040 pensas
925 3960 1031 4020 minus
1047 3958 1114 4022 XIII
1131 3961 1279 4024 denarios
1296 3963 1336 4025 de
1349 3965 1493 4026 soldinis.

338 4062 416 4125 Item
440 4065 557 4126 Paulus
586 4065 689 4147 pictor
719 4065 771 4126 die
804 4080 917 4127 octavo
949 4066 1044 4127 debet
1067 4069 1202 4147 probare
1233 4089 1305 4130 cum
1338 4070 1493 4132 Paladino

230 4188 398 4251 supereo,
423 4171 560 4248 Mikech‚
589 4172 674 4233 filius
700 4173 878 4251 Lewnardi,
902 4192 958 4233 sua
983 4172 1048 4234 duo
1080 4174 1258 4254 pulvinaria
1290 4195 1348 4257 pro
1373 4177 1493 4239 colecta

231 4275 336 4335 eidem
360 4275 516 4337 Paladino
541 4276 696 4338 vendidit.

337 4381 414 4442 Item
446 4382 607 4460 Nicolaus‚
639 4382 722 4444 fiIIus
746 4384 913 4462 Valterini,
945 4399 1053 4446 contra
1084 4386 1227 4448 relictam
1260 4388 1409 4449 Jurkonis
1440 4388 1491 4450 die

231 4500 345 4549 octavo
369 4488 464 4549 debet
487 4489 691 4571 respondere.

337 4594 414 4655 Item
450 4594 582 4656 domina
618 4595 732 4658 Cicilia
769 4609 878 4657 contra
920 4596 1071 4658 Anchech
1114 4598 1255 4659 secundo
1290 4599 1383 4660 citata
1425 4619 1490 4661 non

231 4701 419 4782 comparuit.

335 4804 414 4869 Item
438 4807 630 4869 Benedictus
653 4823 839 4890 procurator
857 4810 924 4871 Kus
944 4811 996 4873 die
1013 4826 1127 4873 octavo
1151 4812 1247 4874 debet
1270 4813 1489 4875 testimonium
