3488 5250
625 315 711 371 Anno
733 312 825 391 1360.
851 347 892 357 -—
916 328 964 372 21.
989 315 1102 388 aprilis.
1439 317 1497 395 165

235 421 267 426 ..
1098 421 1493 430 ——-.—-—-

235 524 368 606 ipseque
392 524 418 586 J.
443 523 548 605 primo
577 522 697 604 judicio
729 536 838 584 contra
872 524 977 606 ipsum
1009 524 1035 585 si
1058 536 1154 586 testes
1185 522 1376 606 infrascripti
1409 524 1497 586 domi

235 627 363 707 fuerint,
386 649 442 711 per
464 629 607 691 relictam
632 628 867 711 Endreykonis‚
892 630 1066 691 Jurkonem
1089 643 1120 692 et
1143 630 1212 692 eius
1236 649 1368 692 uxorem
1401 649 1496 711 super

235 734 420 797 verberibus
444 748 475 797 et
498 735 665 817 vituperiis
697 735 830 797 domine
862 736 969 798 uxoris
999 736 1125 798 NicoIai
1158 734 1322 797 Benedicti
1355 737 1497 798 testimo·

234 840 324 902 nium
349 841 527 921 producere
551 841 657 902 debet.

340 946 417 1007 Item
443 946 589 1027 quamvis
622 946 776 1007 terminus
808 966 892 1008 unus
916 962 946 1008 et
977 948 1056 1009 alter
1080 949 1201 1011 Iacobo
1232 950 1308 1010 Kun
1332 946 1427 1010 fuerit
1449 968 1497 1010 as·

232 1051 375 1133 signatus
397 1052 436 1113 ad
460 1052 705 1134 producendum
729 1051 951 1114 testimonium
975 1068 1085 1115 contra
1109 1054 1325 1138 Leypoldum,
1350 1067 1384 1116 ut
1408 1053 1495 1115 vide·

233 1156 309 1219 licet
333 1158 498 1219 cellarium
521 1172 682 1220 muratum
715 1177 898 1240 premurare
929 1158 1071 1239 deberet,
1100 1173 1207 1222 tamen
1238 1179 1303 1222 non
1328 1160 1415 1222 venit
1438 1179 1497 1221 nec

236 1265 456 1327 testimonium
481 1265 632 1346 produxit
655 1264 687 1325 in
704 1264 796 1326 nullo
820 1265 1032 1327 terminorum
1056 1266 1284 1348 predictorum.

339 1370 416 1432 Item
441 1385 554 1433 octavo
571 1369 623 1432 die
642 1371 803 1431 Marketus
821 1369 915 1433 debet
932 1371 1086 1453 quasdam
1104 1372 1223 1434 Iitteras
1247 1385 1357 1433 contra
1375 1370 1496 1433 dictum

234 1477 437 1561 Leypoldum
463 1477 623 1540 exhibere.

260 1679 355 1756 Nota.
384 1680 471 1769 quod
500 1680 585 1750 scrin
612 1687 709 1750 sexta
739 1681 891 1767 proxima
921 1686 996 1768 post
1024 1690 1165 1751 octavas
1194 1680 1298 1751 Pasce
1326 1680 1460 1751 domini.

751 1832 810 1908 (17.
834 1831 961 1909 aprilis).

338 1988 445 2050 Primo
483 1988 657 2072 Jurglynus
687 1986 817 2070 pellifex
849 2001 959 2049 contra
991 1987 1225 2069 Margaretham
1256 1988 1361 2069 primo
1385 1988 1497 2050 citatus

232 2114 298 2157 non
322 2094 512 2176 comparuit.
632 2088 635 2092 ’

338 2201 414 2261 Item
448 2201 643 2262 Laurencius
673 2199 829 2262 Wardch
864 2214 975 2262 contra
1010 2199 1217 2261 Bartucbium
1246 2199 1351 2282 primo
1383 2199 1496 2262 citatus

232 2326 297 2367 non
322 2305 511 2388 comparuit.

338 2412 416 2473 Item
438 2414 536 2474 Jurko
560 2413 652 2495 piuar
676 2425 786 2475 contra
810 2412 994 2474 Janzlinum
1026 2410 1222 2494 Krupichich
1247 2411 1352 2494 primo
1382 2411 1496 2473 citatus

232 2537 297 2579 non
323 2518 512 2600 comparuit.

339 2623 417 2686 Item
444 2626 599 2686 Martinus
622 2624 706 2686 filius
739 2625 859 2688 Maline
890 2639 1000 2687 contra
1024 2625 1153 2687 Petrum
1185 2624 1288 2686 filium
1313 2624 1422 2687 Jureni
1446 2644 1495 2687 se·

231 2729 338 2791 cundo
371 2730 484 2792 citatus
507 2750 571 2793 non
596 2732 785 2813 comparuit.

339 2837 416 2898 Item
434 2838 511 2898 KseI
524 2851 633 2898 contra
652 2837 758 2900 Petres
775 2836 954 2899 carnificem
968 2837 1073 2920 prImo
1090 2837 1203 2898 citatus
1219 2855 1285 2897 non
1302 2837 1493 2918 comparuit.

339 2943 416 3004 Item
441 2943 607 3005 Farcasius
630 2942 719 3005 faber
743 2957 852 3006 contra
877 2943 1069 3005 Michaelem
1098 2941 1224 3005 fabrum
1248 2943 1353 3024 primo
1382 2944 1495 3006 citatus

232 3068 298 3110 nou
328 3049 517 3131 comparuit.

339 3155 416 3217 Item
441 3155 606 3216 Janinnus
629 3169 738 3216 contra
763 3156 859 3237 Myke
882 3155 988 3236 primo
1012 3154 1125 3215 citatus
1145 3174 1211 3215 non
1236 3155 1425 3236 comparuit.

338 3261 415 3322 Item
442 3260 589 3343 Mychael
614 3259 702 3322 faber
727 3274 835 3321 contra
854 3259 1017 3321 Andream
1043 3257 1168 3321 fabrum
1194 3259 1234 3321 ad
1259 3275 1331 3321 octo
1357 3260 1424 3321 dies
1448 3281 1494 3322 re·

231 3367 316 3448 cepit
339 3368 511 3429 terminum
535 3367 575 3428 ad
599 3366 870 3449 respondendum.

338 3473 415 3535 Item
446 3493 540 3535 causa
572 3494 635 3554 que
667 3474 799 3535 vertitur
830 3473 912 3533 inter
944 3471 1116 3534 Cristinam
1146 3486 1176 3534 et
1209 3472 1420 3555 Meynardum
1453 3472 1492 3533 ad

231 3592 304 3641 octo
329 3580 397 3642 dies
420 3595 466 3643 est
489 3593 669 3662 prorogata.

336 3687 414 3748 Item
440 3688 566 3748 Marcus
598 3686 763 3747 Bobkonis
795 3699 905 3747 contra
938 3684 984 3746 St.
1016 3684 1188 3746 Lowrandi
1213 3684 1354 3746 secundo
1382 3685 1494 3747 citatus

232 3813 296 3855 non
326 3793 514 3875 comparuit.

276 3996 370 4075 Nota.
399 3995 484 4085 qnod
515 3999 622 4068 tercia
650 3996 734 4066 ferta
763 3997 917 4083 proxima
947 4003 1025 4066 ante
1053 3995 1175 4066 festum
1196 3983 1295 4066 beati
1324 3993 1454 4083 Georgii

775 4121 939 4191 martiris.

747 4272 809 4347 (21.
833 4270 961 4348 apriles).

338 4413 444 4473 Primo
469 4412 631 4473 Fabianus
655 4425 743 4473 sutor
767 4426 874 4474 contra
906 4411 1106 4494 Mychaelem
1139 4425 1281 4473 sutorem
1306 4424 1419 4473 octavo
1443 4411 1492 4472 die

231 4539 287 4601 per
311 4519 408 4579 Janez
433 4518 591 4579 decanum
616 4533 647 4580 et
671 4519 845 4580 Martinam
877 4519 1096 4580 testimonium
1121 4517 1299 4599 producere
1324 4517 1427 4580 debet.

337 4624 414 4686 Item
430 4624 621 4685 Benedictus
635 4622 795 4686 aurifaber
807 4638 916 4687 contra
928 4625 972 4686 St.
989 4625 1094 4706 primo
1107 4625 1219 4686 citatus
1229 4643 1294 4684 non
1305 4625 1493 4705 comparuit.

337 4731 413 4792 Item
440 4731 635 4792 Laurenciua
660 4730 814 4793 Wardich
847 4744 956 4794 contra
987 4729 1192 4792 Bartuchium
1216 4730 1357 4793 secundo
1381 4731 1494 4793 citatus

232 4856 298 4901 uon
322 4837 514 4921 comparuit.
