3488 5250
228 337 290 398 268
619 337 817 417 Ann01363.
844 374 883 383 -
911 336 965 400 28.
989 342 1102 416 oprt'lis.

227 548 294 630 ipse
319 563 425 610 autem
451 549 559 610 Petres
583 569 656 610 curn
681 569 780 611 uxore
804 568 860 631 per
884 569 986 611 unum
1011 570 1131 612 annum
1154 550 1298 612 manebit
1321 551 1353 612 in
1378 551 1491 612 eadem

226 655 294 716 aine
319 675 416 717 censu
441 655 584 737 aliquali.

332 761 411 824 Item
436 762 581 824 Thomas
604 761 751 844 gladipar
767 775 981 843 assumpserat
998 762 1104 823 literas
1129 761 1277 825 exhibere
1302 776 1413 825 contra
1437 763 1494 824 Ni·

226 867 354 928 colaum
380 867 592 930 Zrebernicha
617 887 714 949 super
737 868 888 929 anteriori
914 882 1004 949 parte
1036 868 1163 945 domus,
1188 883 1219 930 et
1241 888 1306 929 non
1331 869 1493 950 produxit.

279 1083 376 1158 Feria
405 1095 503 1158 sexta
532 1089 687 1175 proxima
715 1095 791 1176 post
817 1086 940 1158 festum
970 1088 1080 1158 saneti
1109 1079 1242 1176 Georgii
1272 1088 1438 1159 martiris.

744 1234 809 1314 (28.
839 1239 966 1314 aprilis).

332 1394 441 1457 Primo
466 1396 572 1457 Petras
598 1409 708 1457 contra
732 1395 910 1457 Francham
940 1397 1045 1478 primo
1077 1396 1190 1457 citatus
1214 1415 1279 1457 non
1304 1397 1493 1477 comparuit.

333 1486 410 1563 rt'em
435 1501 490 1562 llia
515 1518 624 1563 contra
657 1500 793 1563 lancech
826 1503 865 1562 ad
898 1517 971 1564 octo
1003 1502 1071 1563 dies
1108 1503 1227 1583 recepit
1255 1502 1428 1565 terminum
1451 1502 1492 1563 ad

226 1606 499 1690 respondendum.

332 1714 410 1775 ltem
435 1733 528 1775 causa
561 1718 653 1774 Anne
687 1728 718 1775 et
749 1714 817 1774 eius
849 1712 952 1776 fratris
977 1727 1023 1776 est
1054 1713 1095 1775 ad
1119 1727 1192 1776 octo
1224 1713 1292 1776 dies
1316 1714 1355 1775 ad
1381 1732 1491 1796 pacem

225 1834 395 1901 prorogata
421 1840 477 1902 per
499 1833 604 1882 restes.

333 1926 410 1987 ltem
424 1924 584 2007 Georgius
597 1925 693 1987 Zolar
706 1926 810 2007 primo
829 1925 942 1986 citatus
956 1939 1064 1987 contra
1079 1925 1209 1986 luanam
1223 1945 1288 1987 non
1303 1928 1493 2009 comparuit.

332 2031 410 2092 ltem
436 2051 530 2092 causa
555 2031 652 2092 Blasii
679 2045 709 2092 et
734 2029 885 2112 Stephani
921 2049 978 2112 per
1009 2044 1104 2091 restes
1136 2031 1303 2112 utriusque
1328 2032 1424 2113 partia
1447 2047 1494 2094 eat

226 2136 265 2197 ad
291 2151 364 2198 octo
390 2136 457 2197 dies
481 2137 520 2197 ad
542 2156 654 2218 pacem
677 2151 857 2218 prorogata.

332 2243 410 2304 ltem
446 2243 645 2323 Dampianus
679 2256 768 2303 sutor
810 2256 918 2303 contra
957 2242 1100 2302 Marcum
1136 2242 1241 2323 primo
1278 2243 1390 2304 citatus
1425 2262 1490 2304 non

226 2349 415 2429 comparuit.

333 2453 409 2515 Item
426 2452 512 2514 filius
527 2452 671 2514 Prenarii
689 2467 798 2514 contra
817 2451 950 2533 Gurgek
967 2453 1072 2534 primo
1089 2455 1202 2516 citatus
1218 2475 1284 2517 non
1302 2455 1493 2537 comparuit.

332 2559 410 2620 ltem
435 2578 528 2619 cause
560 2559 670 2619 Jacobi
705 2559 791 2636 Kun,
823 2557 978 2619 lobannis
1010 2558 1090 2621 labri
1126 2574 1156 2621 et
1190 2561 1345 2643 Merclyni
1369 2561 1409 2622 de
1434 2561 1491 2621 Za-

225 2668 341 2727 niobor
366 2665 406 2726 ad
431 2681 504 2726 octo
528 2665 596 2726 dies
619 2677 692 2725 sunt
716 2664 756 2724 ad
779 2683 892 2744 pacem
917 2680 1097 2746 prorogate.

332 2772 409 2832 ltem
435 2772 460 2831 si
485 2790 586 2851 usque
612 2784 761 2831 octavum
786 2763 871 2829 diem
906 2769 1018 2831 Petrus
1050 2772 1124 2833 Jaxe
1150 2771 1188 2832 de
1221 2792 1323 2854 puero
1346 2791 1404 2832 suo
1429 2773 1491 2833 Lo-

226 2877 321 2959 prech
347 2877 385 2937 de
410 2877 594 2938 verberibus
619 2874 800 2954 satisfaciet,
822 2877 902 2937 bene
919 2877 1062 2957 quidem,
1087 2877 1232 2959 alioquin
1257 2878 1362 2959 ipsum
1387 2879 1427 2939 ad
1444 2877 1491 2958 ju·

225 2984 349 3044 sticiam
373 2997 509 3042 statuere
538 2981 708 3044 tenebitur.

333 3089 410 3150 ltem
435 3107 529 3149 causa
553 3086 664 3147 lamuli
690 3086 819 3148 Thome
850 3087 1006 3169 gladipari
1040 3104 1149 3150 contra
1174 3087 1352 3169 Georgium
1385 3101 1415 3151 et
1440 3089 1490 3150 Ja-

226 3196 343 3255 cobum
368 3213 424 3275 per
449 3192 640 3253 Michaelem
665 3190 807 3273 Hudlep,
831 3193 962 3253 nomine
986 3193 1043 3254 filii
1061 3195 1109 3255 sui
1122 3209 1235 3256 testem
1263 3194 1358 3255 huius
1382 3213 1486 3272 cause,

227 3300 336 3360 estad
360 3313 434 3360 octo
459 3298 526 3357 dies
549 3311 729 3379 prorogata.

333 3405 411 3465 ltem
436 3402 597 3464 lohannes
619 3422 719 3483 gener
737 3403 903 3484 Meynardi
931 3416 1041 3465 contra
1058 3404 1249 3466 Michaelem
1274 3404 1427 3466 lectorem
1443 3424 1491 3466 se·

222 3508 332 3572 'cundo
357 3511 469 3572 citatus
493 3529 558 3569 non
584 3508 773 3590 comparuit.
1369 3503 1370 3506 '

332 3617 410 3677 Item
434 3614 490 3675 lilii
516 3615 631 3695 Angeli
657 3629 766 3676 contra
791 3629 1031 3696 procuratorem
1062 3616 1185 3676 domini
1218 3617 1360 3698 episcopi
1385 3618 1490 3698 primo

226 3722 312 3783 citati
337 3741 402 3782 non
428 3735 686 3802 comparuerunt.

332 3827 410 3887 Item
434 3840 548 3887 octavo
573 3825 624 3887 die
648 3825 757 3887 relicta
782 3825 933 3908 Horgoce
957 3846 989 3887 se
1014 3828 1153 3888 secunda
1185 3841 1295 3888 contra
1320 3828 1490 3889 dominum

226 3932 410 3993 Emericum
434 3931 660 3992 subcustodem
685 3929 801 4011 jurabit
824 3951 918 4012 super
942 3951 993 4008 eo,
1027 3931 1114 4013 quod
1140 3952 1240 3994 unum
1273 3953 1327 3994 vas
1351 3932 1390 3995 de
1415 3935 1491 3994 vino

226 4036 306 4098 olim
331 4037 497 4098 Michaelis
514 4037 687 4097 sacerdotis
712 4056 769 4097 nec
786 4036 878 4118 plura
896 4057 969 4098 vasa
995 4038 1138 4099 eiusdem
1164 4057 1228 4099 non
1254 4039 1416 4100 habuisset
1432 4059 1491 4101 nec

226 4141 368 4205 haberet.

238 4270 240 4273 ·
333 4249 410 4309 ltem
421 4247 573 4308 Crisanus
583 4262 692 4309 contra
703 4247 825 4310 Obram
839 4247 1086 4309 Zolarsecundo
1100 4249 1212 4310 citatus
1222 4268 1287 4309 non
1301 4251 1490 4332 comparuit.

335 4354 411 4414 ltem
445 4353 576 4415 maritus
612 4353 719 4415 relicte
752 4354 923 4435 Dampiani
956 4369 1066 4416 contra
1091 4355 1135 4416 St.
1160 4356 1264 4437 primo
1290 4356 1402 4417 citatus
1426 4375 1490 4418 non

226 4459 416 4539 comparuit.

332 4563 411 4625 ltem
436 4564 590 4626 Cbeucbk
614 4579 722 4627 contra
741 4565 933 4648 Dyonisium
953 4568 1056 4648 primo
1082 4567 1194 4628 citatus
1210 4587 1276 4628 non
1300 4567 1490 4649 comparuit.

334 4668 410 4731 ltem
435 4690 514 4732 uxor
536 4669 594 4733 filii
620 4671 698 4732 Suik
722 4687 831 4733 contra
856 4671 1100 4754 Draganycham
1131 4673 1273 4734 secundo
1304 4673 1398 4735 citata
1422 4692 1487 4734 non

218 4775 417 4854 comparuit.
