3488 5250
237 307 298 385 248
618 304 818 382 Ann01362.
843 340 886 349 —
910 320 938 369 2,
963 304 1126 366 decembris.

341 517 419 578 ltem
443 515 639 598 quicumque
664 514 833 576 hominum
858 515 1130 577 deliberacionem
1154 514 1329 594 juratorum
1349 515 1381 577 in
1399 515 1501 577 causis

237 622 404 705 quibusvis
428 621 469 682 ad
492 620 690 703 presenciam
707 620 852 700 judicum
873 621 1078 703 antiquorum
1105 619 1347 682 reformacionis
1371 620 1503 683 nomine

236 727 455 811 appellaverit,
484 740 515 788 et
538 726 723 788 huiusmodi
756 726 952 788 deliberacio
984 747 1040 809 per
1065 727 1151 808 ipsos
1182 725 1303 807 judices
1327 727 1502 809 approbata

239 832 344 911 fuerit,
369 832 535 914 appellans
567 845 681 893 extunc
713 833 745 893 in
770 832 898 893 duobus
932 832 1058 894 iudiciis
1089 832 1260 908 remansit;
1292 852 1354 914 que
1386 832 1504 894 iudicia

240 938 349 1019 juratis
373 938 500 1000 cedunt.

343 1043 421 1105 ltem
447 1044 522 1125 quia
547 1043 684 1127 Mykech
709 1043 878 1104 luauinum
909 1043 1015 1104 verbis
1037 1043 1185 1125 turpibus
1215 1044 1431 1125 pertractavit,
1456 1063 1503 1103 re·
1559 1123 1562 1128 ἢ

237 1151 354 1212 mansit
379 1149 484 1210 eidem
509 1150 541 1210 in
566 1148 691 1211 duabus
715 1149 829 1210 marcis
853 1161 884 1210 et
907 1148 1006 1231 judici
1030 1148 1061 1209 in
1088 1148 1204 1212 media.

344 1255 424 1316 ltem
455 1255 558 1315 Draxe
591 1268 729 1336 quatuor
753 1253 893 1317 florenos
924 1268 954 1316 et
984 1255 1044 1315 XX
1076 1253 1225 1315 denarios
1255 1255 1351 1317 debet
1376 1254 1501 1316 solvere

242 1360 342 1422 Paulo
374 1360 482 1440 judici,
516 1360 633 1442 quibus
664 1360 802 1422 eundern
835 1361 901 1443 ipse
926 1360 960 1422 P.
984 1360 1079 1443 judex
1111 1360 1211 1422 teneri
1244 1359 1307 1422 fide
1340 1360 1501 1422 mediante

239 1465 479 1548 comprobavit;
503 1481 534 1526 et
558 1466 632 1547 quia
657 1467 755 1528 tercio
780 1466 893 1528 citatus
917 1486 982 1527 non
1002 1467 1190 1548 comparuit,
1215 1466 1290 1527 ideo
1315 1467 1348 1526 iu
1375 1466 1501 1527 duobus

239 1571 365 1633 iudiciis
388 1572 549 1633 remansit.

343 1677 422 1738 ltem
447 1678 551 1759 primo
569 1677 690 1738 iudicio
714 1677 870 1740 adventus
891 1678 967 1740 luan
985 1678 1122 1740 condam
1146 1678 1303 1760 preconis,
1322 1678 1408 1739 idem
1425 1678 1502 1739 luan

239 1796 348 1845 contra
374 1782 567 1864 Gregorium
593 1783 809 1865 respondebit.

344 1887 422 1951 Item
446 1889 539 1950 vinea
564 1893 650 1972 olym
680 1910 737 1971 per
762 1891 906 1951 Markam
940 1890 1109 1951 mulierem
1134 1890 1267 1951 Mareno
1299 1889 1504 1952 subsoliatori

241 1995 281 2056 ad
305 1994 513 2057 reficiendum
538 1995 664 2074 tradita,
688 1996 764 2078 quia
788 2009 823 2057 ut
847 1995 984 2057 debebat
1002 2016 1066 2057 non
1092 1994 1174 2057 foret
1198 1997 1292 2074 culta,
1317 2009 1433 2057 statuta
1458 2009 1505 2058 est

239 2101 299 2182 ipsi
324 2101 451 2162 mulieri
476 2102 622 2180 omnino,
646 2102 720 2163 licet
737 2101 894 2163 Martinus
912 2102 1035 2184 Reyniz
1059 2101 1120 2163 hoc
1144 2102 1183 2163 ad
1201 2101 1400 2182 presenciam
1424 2102 1504 2163 anti-

240 2226 377 2288 quorum
402 2207 545 2288 judicum
571 2207 790 2289 appellaverit.

344 2313 422 2374 ltem
447 2312 524 2374 feria
549 2327 634 2374 sexta
661 2313 763 2375 Cursa
787 2333 819 2374 se
844 2313 960 2374 tercius
990 2328 1099 2374 contra
1124 2314 1231 2376 Petres
1256 2314 1383 2393 jurabit,
1417 2314 1504 2396 quod

239 2418 401 2500 quandam
420 2419 566 2499 plancam
592 2438 656 2479 non
683 2419 846 2499 receperit,
870 2438 928 2480 nec
945 2417 983 2478 de
1009 2439 1067 2480 suo
1091 2420 1171 2481 scitu
1195 2418 1290 2482 fuerit
1314 2434 1458 2503 recepta;
1475 2434 1506 2482 et

238 2523 320 2585 infra
355 2523 534 2605 quindenas
567 2526 625 2584 sub
658 2543 740 2606 pena
766 2525 792 2584 V
823 2543 1002 2585 marcarum
1035 2524 1130 2587 debet
1161 2525 1334 2587 reformare
1371 2526 1505 2588 domum

238 2629 356 2706 Petres,
381 2647 478 2709 quam
502 2629 527 2689 si
552 2649 618 2690 non
643 2628 831 2691 reformabit
855 2631 886 2690 in
908 2631 937 2691 X
954 2631 1068 2691 marcis
1092 2631 1279 2710 remanebit,
1305 2631 1344 2692 de
1362 2631 1504 2713 dampno

238 2753 314 2795 vero
339 2734 438 2814 ipsius
463 2735 570 2796 Petres
595 2734 810 2796 communitas
835 2734 1035 2797 deliberabit.

344 2839 422 2901 ltem
448 2838 524 2901 feria
549 2854 636 2901 sexta
661 2841 801 2921 Suampa
826 2855 936 2903 contra
956 2842 1118 2904 Andream
1141 2844 1224 2904 tular
1248 2863 1281 2905 se
1305 2843 1445 2905 secunda
1471 2843 1505 2904 in

239 2944 405 3027 vituperiis
436 2946 532 3007 debet
563 2967 596 3006 se
628 2946 880 3026 juramentaliter
913 2968 1105 3031 expurgare3
1138 2949 1319 3031 eodemque
1352 2950 1403 3011 die
1438 2951 1505 3032 ipse

240 3051 385 3113 Andreas
408 3072 464 3134 per
488 3053 631 3114 relictam
664 3052 793 3134 Byskup
826 3067 856 3114 et
887 3073 1030 3115 sororem
1056 3054 1187 3135 Georgii
1220 3055 1384 3137 piscatoris
1419 3056 1505 3118 testi-

241 3159 388 3220 monium
422 3173 531 3220 contra
567 3159 703 3220 eandem
739 3159 915 3241 producere
951 3161 1055 3238 debet,
1091 3161 1179 3242 quod
1210 3162 1300 3222 uxori
1324 3181 1380 3222 sue
1417 3162 1503 3224 iuxta

240 3263 344 3324 rivum
374 3263 516 3344 quodam
541 3263 777 3344 manutergium
803 3265 841 3326 ad
861 3265 1018 3327 iusticiam
1042 3266 1204 3348 prohiberi
1222 3285 1287 3326 non
1312 3266 1501 3347 admisisset,

240 3370 295 3432 sed
320 3370 452 3452 fugisset
475 3391 548 3433 cum
574 3371 699 3434 eodem.

307 3571 405 3645 Feria
432 3580 531 3644 sexta
568 3575 724 3662 proxima
752 3580 829 3662 post
855 3574 978 3644 festum
1006 3576 1096 3645 beati
1124 3573 1255 3646 Andree
1284 3575 1438 3663 apostoli.

749 3738 790 3803 (2.
821 3727 995 3803 decembris).

346 3866 455 3927 Primo
479 3886 573 3927 causa
605 3866 759 3928 Johannis
790 3864 847 3927 filii
880 3866 1009 3927 Kordus
1040 3867 1072 3927 in
1107 3866 1191 3928 lacto
1216 3866 1382 3927 cuiusdam
1414 3864 1505 3928 fundi

242 3988 340 4051 mota,
364 3972 403 4033 ad
428 3971 539 4033 leriam
564 3988 684 4034 sextam
709 3986 780 4054 post
810 3971 895 4034 diem
919 3972 1024 4033 medie
1049 3972 1293 4054 quadragesime
1325 3985 1371 4033 est
1395 3991 1505 4052 proro-

241 4093 313 4160 gata
338 4078 370 4139 in
396 4077 481 4139 hunc
504 4076 613 4157 finem,
638 4093 672 4138 ut
695 4079 728 4150 in
751 4079 891 4140 termino
924 4078 992 4160 ipso
1017 4079 1041 4139 si
1068 4078 1235 4160 Philippus
1259 4092 1313 4139 aut
1339 4079 1408 4140 eius
1432 4096 1505 4159 pro-

242 4197 368 4245 curator
392 4182 440 4262 jus
463 4182 596 4264 aliquod
620 4183 786 4265 producet,
820 4186 901 4244 bene
934 4184 1077 4264 quidem,
1101 4184 1180 4245 alias
1212 4203 1305 4244 causa
1331 4183 1505 4246 decidetur.

348 4289 426 4350 ltern
451 4308 545 4350 causa
575 4289 705 4351 Andree
737 4289 818 4351 labri
850 4303 958 4351 contra
989 4291 1096 4372 Matey
1127 4302 1269 4351 sutorem
1300 4303 1346 4351 est
1369 4289 1408 4350 ad
1432 4302 1506 4351 octo

242 4394 311 4456 dies
333 4394 373 4455 ad
398 4414 510 4477 pacem
533 4410 704 4477 prorogata
728 4415 784 4476 per
807 4408 904 4457 testes
929 4414 1097 4476 quosnam.

348 4500 426 4562 ltem
450 4501 527 4562 Iuan
552 4514 662 4563 contra
687 4501 867 4563 lohannem
885 4501 989 4583 primo
1014 4501 1126 4563 citatus
1151 4520 1216 4561 non
1230 4500 1420 4582 comparuit,
1435 4518 1507 4583 pre·

242 4619 328 4668 terea
351 4607 470 4689 recepit
492 4607 666 4669 terminum
691 4607 731 4668 ad
756 4621 829 4669 octo
853 4607 921 4668 dies
945 4606 1173 4689 respondendi.

348 4711 426 4774 ltem
450 4732 544 4775 causa
575 4710 706 4775 Thome
736 4711 905 4794 gladiparii
939 4725 1049 4775 contra
1083 4712 1192 4794 Woyk
1223 4712 1334 4773 estad
1365 4711 1506 4795 primum

243 4814 399 4880 iudicium
428 4819 584 4881 adventus
615 4818 714 4902 ipsius
745 4818 854 4902 Woyk
886 4818 919 4880 in
951 4818 1140 4900 Zagrabiam
1174 4831 1355 4901 prorogata,
1382 4816 1506 4899 inquo
