<?xml version="1.0" encoding="UTF-8"?>
<!DOCTYPE html PUBLIC "-//W3C//DTD XHTML 1.0 Transitional//EN"
    "http://www.w3.org/TR/xhtml1/DTD/xhtml1-transitional.dtd">
<html xmlns="http://www.w3.org/1999/xhtml" xml:lang="en" lang="en">
 <head>
  <title>
</title>
<meta http-equiv="Content-Type" content="text/html;charset=utf-8" />
  <meta name='ocr-system' content='tesseract 3.04.00' />
  <meta name='ocr-capabilities' content='ocr_page ocr_carea ocr_par ocr_line ocrx_word'/>
</head>
<body>
  <div class='ocr_page' id='page_1' title='image "./monumentahistor08laszgoog/monumentahistor08laszgoog_0150.png"; bbox 0 0 3488 5250; ppageno 0'>
   <div class='ocr_carea' id='block_1_1' title="bbox 595 313 1124 395">
    <p class='ocr_par' dir='ltr' id='par_1_1' title="bbox 595 313 1124 395">
     <span class='ocr_line' id='line_1_1' title="bbox 595 313 1124 395; baseline -0.004 -19"><span class='ocrx_word' id='word_1_1' title='bbox 595 320 790 395; x_wconf 75' lang='lat' dir='ltr'><strong>Ann01357.</strong></span> <span class='ocrx_word' id='word_1_2' title='bbox 816 351 856 360; x_wconf 95' lang='lat'><em>—</em></span> <span class='ocrx_word' id='word_1_3' title='bbox 879 331 928 377; x_wconf 83' lang='lat'><strong>21.</strong></span> <span class='ocrx_word' id='word_1_4' title='bbox 953 313 1124 374; x_wconf 79' lang='lat' dir='ltr'><em>novembris.</em></span> 
     </span>
    </p>
   </div>
   <div class='ocr_carea' id='block_1_2' title="bbox 237 523 1508 3905">
    <p class='ocr_par' dir='ltr' id='par_1_2' title="bbox 237 523 1501 823">
     <span class='ocr_line' id='line_1_2' title="bbox 237 523 1499 614; baseline -0.01 -20"><span class='ocrx_word' id='word_1_5' title='bbox 237 532 409 614; x_wconf 79' lang='lat' dir='ltr'><strong>assumpsit</strong></span> <span class='ocrx_word' id='word_1_6' title='bbox 434 530 521 613; x_wconf 92' lang='lat' dir='ltr'><strong>quod</strong></span> <span class='ocrx_word' id='word_1_7' title='bbox 553 530 593 592; x_wconf 88' lang='lat' dir='ltr'><strong>ad</strong></span> <span class='ocrx_word' id='word_1_8' title='bbox 619 530 734 591; x_wconf 92' lang='lat' dir='ltr'><strong>scitum</strong></span> <span class='ocrx_word' id='word_1_9' title='bbox 766 547 876 589; x_wconf 88' lang='lat' dir='ltr'><strong>earum</strong></span> <span class='ocrx_word' id='word_1_10' title='bbox 908 527 975 608; x_wconf 92' lang='lat' dir='ltr'><strong>ipse</strong></span> <span class='ocrx_word' id='word_1_11' title='bbox 1006 526 1042 586; x_wconf 93' lang='lat' dir='ltr'><strong>B.</strong></span> <span class='ocrx_word' id='word_1_12' title='bbox 1074 523 1238 607; x_wconf 79' lang='lat' dir='ltr'><strong>quoddam</strong></span> <span class='ocrx_word' id='word_1_13' title='bbox 1269 523 1385 605; x_wconf 83' lang='lat' dir='ltr'><strong>pignus</strong></span> <span class='ocrx_word' id='word_1_14' title='bbox 1406 539 1499 582; x_wconf 91' lang='lat' dir='ltr'><strong>suum</strong></span> 
     </span>
     <span class='ocr_line' id='line_1_3' title="bbox 237 627 1500 721; baseline -0.01 -21"><span class='ocrx_word' id='word_1_15' title='bbox 237 639 328 721; x_wconf 89' lang='lat' dir='ltr'><strong>prius</strong></span> <span class='ocrx_word' id='word_1_16' title='bbox 352 657 408 720; x_wconf 91' lang='lat' dir='ltr'><strong>per</strong></span> <span class='ocrx_word' id='word_1_17' title='bbox 444 656 477 699; x_wconf 91' lang='lat' dir='ltr'><strong>se</strong></span> <span class='ocrx_word' id='word_1_18' title='bbox 501 636 560 719; x_wconf 92' lang='lat' dir='ltr'><strong>ipsi</strong></span> <span class='ocrx_word' id='word_1_19' title='bbox 583 636 623 698; x_wconf 90' lang='lat' dir='ltr'><strong>N.</strong></span> <span class='ocrx_word' id='word_1_20' title='bbox 655 635 914 717; x_wconf 87' lang='lat' dir='ltr'><strong>inpignoratum,</strong></span> <span class='ocrx_word' id='word_1_21' title='bbox 945 632 1142 712; x_wconf 91' lang='lat' dir='ltr'><strong>demumque</strong></span> <span class='ocrx_word' id='word_1_22' title='bbox 1166 650 1222 713; x_wconf 91' lang='lat' dir='ltr'><strong>per</strong></span> <span class='ocrx_word' id='word_1_23' title='bbox 1246 630 1350 711; x_wconf 90' lang='lat' dir='ltr'><strong>ipsum</strong></span> <span class='ocrx_word' id='word_1_24' title='bbox 1383 628 1421 690; x_wconf 89' lang='lat' dir='ltr'><strong>N.</strong></span> <span class='ocrx_word' id='word_1_25' title='bbox 1446 627 1500 689; x_wconf 82' lang='lat' dir='ltr'><strong>lu-</strong></span> 
     </span>
     <span class='ocr_line' id='line_1_4' title="bbox 239 734 1501 823; baseline -0.008 -18"><span class='ocrx_word' id='word_1_26' title='bbox 239 744 308 806; x_wconf 88' lang='lat' dir='ltr'><strong>deis</strong></span> <span class='ocrx_word' id='word_1_27' title='bbox 332 744 364 805; x_wconf 89' lang='lat' dir='ltr'><strong>in</strong></span> <span class='ocrx_word' id='word_1_28' title='bbox 390 763 518 805; x_wconf 90' lang='lat' dir='ltr'><strong>usuram</strong></span> <span class='ocrx_word' id='word_1_29' title='bbox 543 742 706 819; x_wconf 90' lang='lat' dir='ltr'><strong>traditum,</strong></span> <span class='ocrx_word' id='word_1_30' title='bbox 731 743 772 802; x_wconf 94' lang='lat' dir='ltr'><strong>ab</strong></span> <span class='ocrx_word' id='word_1_31' title='bbox 797 740 873 823; x_wconf 92' lang='lat' dir='ltr'><strong>ipsis</strong></span> <span class='ocrx_word' id='word_1_32' title='bbox 905 739 1015 802; x_wconf 80' lang='lat' dir='ltr'><strong>iudeis</strong></span> <span class='ocrx_word' id='word_1_33' title='bbox 1044 758 1103 820; x_wconf 92' lang='lat' dir='ltr'><strong>pro</strong></span> <span class='ocrx_word' id='word_1_34' title='bbox 1128 737 1180 799; x_wconf 97' lang='lat' dir='ltr'><strong>llll</strong></span> <span class='ocrx_word' id='word_1_35' title='bbox 1205 736 1275 798; x_wconf 88' lang='lat' dir='ltr'><strong>flor.</strong></span> <span class='ocrx_word' id='word_1_36' title='bbox 1305 734 1501 797; x_wconf 81' lang='lat' dir='ltr'>redemisset.</span> 
     </span>
    </p>

    <p class='ocr_par' dir='ltr' id='par_1_3' title="bbox 240 840 1501 1036">
     <span class='ocr_line' id='line_1_5' title="bbox 347 840 1501 911; baseline -0.007 -2"><span class='ocrx_word' id='word_1_37' title='bbox 347 850 425 911; x_wconf 88' lang='lat' dir='ltr'>Item</span> <span class='ocrx_word' id='word_1_38' title='bbox 457 849 581 910; x_wconf 89' lang='lat' dir='ltr'><strong>Zorena</strong></span> <span class='ocrx_word' id='word_1_39' title='bbox 612 859 726 910; x_wconf 88' lang='lat' dir='ltr'><strong>octavo</strong></span> <span class='ocrx_word' id='word_1_40' title='bbox 758 846 810 909; x_wconf 93' lang='lat' dir='ltr'><strong>die</strong></span> <span class='ocrx_word' id='word_1_41' title='bbox 842 857 952 907; x_wconf 87' lang='lat' dir='ltr'><strong>contra</strong></span> <span class='ocrx_word' id='word_1_42' title='bbox 983 845 1118 906; x_wconf 89' lang='lat' dir='ltr'><strong>Peterko</strong></span> <span class='ocrx_word' id='word_1_43' title='bbox 1150 857 1291 905; x_wconf 91' lang='lat' dir='ltr'><strong>sutorem</strong></span> <span class='ocrx_word' id='word_1_44' title='bbox 1316 854 1382 903; x_wconf 89' lang='lat' dir='ltr'><strong>met</strong></span> <span class='ocrx_word' id='word_1_45' title='bbox 1404 840 1501 902; x_wconf 91' lang='lat' dir='ltr'><strong>tercia</strong></span> 
     </span>
     <span class='ocr_line' id='line_1_6' title="bbox 240 965 796 1036; baseline -0.004 -19"><span class='ocrx_word' id='word_1_46' title='bbox 240 969 475 1017; x_wconf 86' lang='lat' dir='ltr'><strong>sacramentum</strong></span> <span class='ocrx_word' id='word_1_47' title='bbox 499 969 637 1036; x_wconf 78' lang='lat' dir='ltr'>prestare</span> <span class='ocrx_word' id='word_1_48' title='bbox 662 965 796 1015; x_wconf 87' lang='lat' dir='ltr'><strong>tenetur.</strong></span> 
     </span>
    </p>

    <p class='ocr_par' dir='ltr' id='par_1_4' title="bbox 241 1055 1503 1356">
     <span class='ocr_line' id='line_1_7' title="bbox 347 1055 1503 1140; baseline -0.007 -19"><span class='ocrx_word' id='word_1_49' title='bbox 347 1062 424 1123; x_wconf 91' lang='lat' dir='ltr'><strong>ltem</strong></span> <span class='ocrx_word' id='word_1_50' title='bbox 442 1061 728 1139; x_wconf 90' lang='lat' dir='ltr'><strong>BlasiusZtrozak,</strong></span> <span class='ocrx_word' id='word_1_51' title='bbox 752 1059 906 1138; x_wconf 87' lang='lat' dir='ltr'><strong>Francha,</strong></span> <span class='ocrx_word' id='word_1_52' title='bbox 925 1058 1086 1140; x_wconf 85' lang='lat' dir='ltr'>Georgius</span> <span class='ocrx_word' id='word_1_53' title='bbox 1113 1056 1285 1138; x_wconf 86' lang='lat' dir='ltr'><strong>Comparia</strong></span> <span class='ocrx_word' id='word_1_54' title='bbox 1311 1068 1342 1117; x_wconf 89' lang='lat' dir='ltr'><strong>et</strong></span> <span class='ocrx_word' id='word_1_55' title='bbox 1365 1055 1503 1115; x_wconf 87' lang='lat' dir='ltr'><strong>lacobus</strong></span> 
     </span>
     <span class='ocr_line' id='line_1_8' title="bbox 241 1158 1501 1246; baseline -0.007 -17"><span class='ocrx_word' id='word_1_56' title='bbox 241 1181 349 1230; x_wconf 91' lang='lat' dir='ltr'><strong>contra</strong></span> <span class='ocrx_word' id='word_1_57' title='bbox 374 1167 553 1229; x_wconf 79' lang='lat' dir='ltr'><strong>iohannem</strong></span> <span class='ocrx_word' id='word_1_58' title='bbox 584 1165 745 1228; x_wconf 88' lang='lat' dir='ltr'><strong>Vidonich</strong></span> <span class='ocrx_word' id='word_1_59' title='bbox 768 1166 807 1227; x_wconf 93' lang='lat' dir='ltr'><strong>ad</strong></span> <span class='ocrx_word' id='word_1_60' title='bbox 840 1179 913 1228; x_wconf 88' lang='lat' dir='ltr'><strong>octo</strong></span> <span class='ocrx_word' id='word_1_61' title='bbox 949 1165 1018 1227; x_wconf 89' lang='lat' dir='ltr'><strong>dies</strong></span> <span class='ocrx_word' id='word_1_62' title='bbox 1048 1175 1235 1246; x_wconf 88' lang='lat' dir='ltr'><strong>receperunt</strong></span> <span class='ocrx_word' id='word_1_63' title='bbox 1264 1161 1437 1223; x_wconf 90' lang='lat' dir='ltr'><strong>terminum</strong></span> <span class='ocrx_word' id='word_1_64' title='bbox 1461 1158 1501 1221; x_wconf 91' lang='lat' dir='ltr'><strong>ad</strong></span> 
     </span>
     <span class='ocr_line' id='line_1_9' title="bbox 241 1273 514 1356; baseline 0.007 -21"><span class='ocrx_word' id='word_1_65' title='bbox 241 1273 514 1356; x_wconf 87' lang='lat' dir='ltr'><strong>respondendum.</strong></span> 
     </span>
    </p>

    <p class='ocr_par' dir='ltr' id='par_1_5' title="bbox 242 1373 1502 1567">
     <span class='ocr_line' id='line_1_10' title="bbox 347 1373 1502 1461; baseline -0.006 -21"><span class='ocrx_word' id='word_1_66' title='bbox 347 1380 424 1441; x_wconf 83' lang='lat' dir='ltr'>Item</span> <span class='ocrx_word' id='word_1_67' title='bbox 438 1398 532 1441; x_wconf 88' lang='lat' dir='ltr'><strong>causa</strong></span> <span class='ocrx_word' id='word_1_68' title='bbox 549 1399 612 1461; x_wconf 95' lang='lat' dir='ltr'><strong>que</strong></span> <span class='ocrx_word' id='word_1_69' title='bbox 629 1378 762 1441; x_wconf 88' lang='lat' dir='ltr'><strong>vertitur</strong></span> <span class='ocrx_word' id='word_1_70' title='bbox 780 1379 861 1440; x_wconf 90' lang='lat' dir='ltr'><strong>inter</strong></span> <span class='ocrx_word' id='word_1_71' title='bbox 885 1377 924 1440; x_wconf 90' lang='lat' dir='ltr'><strong>G.</strong></span> <span class='ocrx_word' id='word_1_72' title='bbox 941 1377 1042 1440; x_wconf 90' lang='lat' dir='ltr'><strong>filium</strong></span> <span class='ocrx_word' id='word_1_73' title='bbox 1062 1376 1183 1438; x_wconf 86' lang='lat' dir='ltr'><strong>Pauleti</strong></span> <span class='ocrx_word' id='word_1_74' title='bbox 1201 1389 1232 1437; x_wconf 93' lang='lat' dir='ltr'><strong>et</strong></span> <span class='ocrx_word' id='word_1_75' title='bbox 1249 1375 1288 1437; x_wconf 89' lang='lat' dir='ltr'><strong>K.</strong></span> <span class='ocrx_word' id='word_1_76' title='bbox 1305 1373 1345 1435; x_wconf 87' lang='lat' dir='ltr'><strong>ad</strong></span> <span class='ocrx_word' id='word_1_77' title='bbox 1362 1374 1502 1456; x_wconf 92' lang='lat' dir='ltr'><strong>primum</strong></span> 
     </span>
     <span class='ocr_line' id='line_1_11' title="bbox 242 1484 672 1567; baseline 0.005 -21"><span class='ocrx_word' id='word_1_78' title='bbox 242 1484 398 1567; x_wconf 85' lang='lat' dir='ltr'><strong>judicium</strong></span> <span class='ocrx_word' id='word_1_79' title='bbox 423 1498 468 1547; x_wconf 91' lang='lat' dir='ltr'><strong>est</strong></span> <span class='ocrx_word' id='word_1_80' title='bbox 491 1497 672 1567; x_wconf 81' lang='lat' dir='ltr'><strong>prorogata.</strong></span> 
     </span>
    </p>

    <p class='ocr_par' dir='ltr' id='par_1_6' title="bbox 243 1585 1505 2523">
     <span class='ocr_line' id='line_1_12' title="bbox 348 1585 1505 1673; baseline -0.007 -20"><span class='ocrx_word' id='word_1_81' title='bbox 348 1592 425 1653; x_wconf 92' lang='lat' dir='ltr'><strong>ltem</strong></span> <span class='ocrx_word' id='word_1_82' title='bbox 452 1592 497 1654; x_wconf 90' lang='lat' dir='ltr'><strong>St.</strong></span> <span class='ocrx_word' id='word_1_83' title='bbox 530 1591 668 1653; x_wconf 88' lang='lat' dir='ltr'><strong>condam</strong></span> <span class='ocrx_word' id='word_1_84' title='bbox 699 1590 804 1673; x_wconf 85' lang='lat' dir='ltr'><strong>judex,</strong></span> <span class='ocrx_word' id='word_1_85' title='bbox 837 1589 963 1651; x_wconf 85' lang='lat' dir='ltr'><strong>Miltech</strong></span> <span class='ocrx_word' id='word_1_86' title='bbox 993 1603 1024 1650; x_wconf 92' lang='lat' dir='ltr'><strong>et</strong></span> <span class='ocrx_word' id='word_1_87' title='bbox 1056 1589 1174 1650; x_wconf 87' lang='lat' dir='ltr'><strong>Paulus</strong></span> <span class='ocrx_word' id='word_1_88' title='bbox 1196 1588 1253 1651; x_wconf 90' lang='lat' dir='ltr'><strong>filii</strong></span> <span class='ocrx_word' id='word_1_89' title='bbox 1281 1585 1441 1648; x_wconf 89' lang='lat' dir='ltr'><strong>Leunardi</strong></span> <span class='ocrx_word' id='word_1_90' title='bbox 1473 1597 1505 1646; x_wconf 92' lang='lat' dir='ltr'><strong>et</strong></span> 
     </span>
     <span class='ocr_line' id='line_1_13' title="bbox 244 1692 1504 1778; baseline -0.004 -21"><span class='ocrx_word' id='word_1_91' title='bbox 244 1696 388 1758; x_wconf 82' lang='lat' dir='ltr'><strong>Andreas</strong></span> <span class='ocrx_word' id='word_1_92' title='bbox 416 1697 501 1759; x_wconf 89' lang='lat' dir='ltr'><strong>filius</strong></span> <span class='ocrx_word' id='word_1_93' title='bbox 532 1696 645 1758; x_wconf 89' lang='lat' dir='ltr'><strong>Pulani</strong></span> <span class='ocrx_word' id='word_1_94' title='bbox 670 1709 764 1758; x_wconf 87' lang='lat' dir='ltr'><strong>testes</strong></span> <span class='ocrx_word' id='word_1_95' title='bbox 799 1695 945 1778; x_wconf 88' lang='lat' dir='ltr'><strong>producti</strong></span> <span class='ocrx_word' id='word_1_96' title='bbox 977 1715 1032 1778; x_wconf 90' lang='lat' dir='ltr'><strong>per</strong></span> <span class='ocrx_word' id='word_1_97' title='bbox 1064 1694 1184 1757; x_wconf 91' lang='lat' dir='ltr'><strong>dictum</strong></span> <span class='ocrx_word' id='word_1_98' title='bbox 1218 1693 1257 1756; x_wconf 88' lang='lat' dir='ltr'><strong>G.</strong></span> <span class='ocrx_word' id='word_1_99' title='bbox 1289 1692 1392 1755; x_wconf 87' lang='lat' dir='ltr'><strong>filium</strong></span> <span class='ocrx_word' id='word_1_100' title='bbox 1424 1692 1504 1753; x_wconf 86' lang='lat' dir='ltr'><strong>Pau·</strong></span> 
     </span>
     <span class='ocr_line' id='line_1_14' title="bbox 243 1801 1500 1885; baseline -0.005 -21"><span class='ocrx_word' id='word_1_101' title='bbox 243 1802 309 1880; x_wconf 90' lang='lat' dir='ltr'><strong>leti,</strong></span> <span class='ocrx_word' id='word_1_102' title='bbox 333 1804 508 1885; x_wconf 87' lang='lat' dir='ltr'><strong>arbitrique</strong></span> <span class='ocrx_word' id='word_1_103' title='bbox 533 1804 564 1866; x_wconf 94' lang='lat' dir='ltr'><strong>in</strong></span> <span class='ocrx_word' id='word_1_104' title='bbox 589 1823 682 1865; x_wconf 91' lang='lat' dir='ltr'><strong>causa</strong></span> <span class='ocrx_word' id='word_1_105' title='bbox 712 1822 774 1884; x_wconf 92' lang='lat' dir='ltr'><strong>que</strong></span> <span class='ocrx_word' id='word_1_106' title='bbox 807 1802 889 1864; x_wconf 90' lang='lat' dir='ltr'><strong>inter</strong></span> <span class='ocrx_word' id='word_1_107' title='bbox 919 1803 1024 1884; x_wconf 91' lang='lat' dir='ltr'><strong>ipsum</strong></span> <span class='ocrx_word' id='word_1_108' title='bbox 1049 1801 1089 1864; x_wconf 88' lang='lat' dir='ltr'><strong>G.</strong></span> <span class='ocrx_word' id='word_1_109' title='bbox 1125 1814 1156 1863; x_wconf 92' lang='lat' dir='ltr'><strong>et</strong></span> <span class='ocrx_word' id='word_1_110' title='bbox 1180 1802 1219 1863; x_wconf 90' lang='lat' dir='ltr'><strong>K.</strong></span> <span class='ocrx_word' id='word_1_111' title='bbox 1243 1818 1386 1862; x_wconf 91' lang='lat' dir='ltr'><strong>sororem</strong></span> <span class='ocrx_word' id='word_1_112' title='bbox 1411 1817 1500 1860; x_wconf 91' lang='lat' dir='ltr'><strong>suam</strong></span> 
     </span>
     <span class='ocr_line' id='line_1_15' title="bbox 244 1903 1504 1987; baseline -0.003 -19"><span class='ocrx_word' id='word_1_113' title='bbox 244 1911 424 1971; x_wconf 88' lang='lat' dir='ltr'><strong>vertebatur</strong></span> <span class='ocrx_word' id='word_1_114' title='bbox 458 1925 489 1971; x_wconf 91' lang='lat' dir='ltr'><strong>et</strong></span> <span class='ocrx_word' id='word_1_115' title='bbox 519 1910 652 1972; x_wconf 89' lang='lat' dir='ltr'><strong>vertitur</strong></span> <span class='ocrx_word' id='word_1_116' title='bbox 683 1909 714 1969; x_wconf 88' lang='lat' dir='ltr'><strong>in</strong></span> <span class='ocrx_word' id='word_1_117' title='bbox 749 1908 832 1970; x_wconf 85' lang='lat' dir='ltr'><strong>facto</strong></span> <span class='ocrx_word' id='word_1_118' title='bbox 864 1908 1058 1987; x_wconf 87' lang='lat' dir='ltr'><strong>divisionali,</strong></span> <span class='ocrx_word' id='word_1_119' title='bbox 1083 1906 1238 1969; x_wconf 80' lang='lat' dir='ltr'><strong>testificati</strong></span> <span class='ocrx_word' id='word_1_120' title='bbox 1271 1906 1441 1968; x_wconf 87' lang='lat' dir='ltr'><strong>extiterunt</strong></span> <span class='ocrx_word' id='word_1_121' title='bbox 1472 1903 1504 1964; x_wconf 93' lang='lat' dir='ltr'><strong>in</strong></span> 
     </span>
     <span class='ocr_line' id='line_1_16' title="bbox 244 2010 1505 2097; baseline -0.005 -21"><span class='ocrx_word' id='word_1_122' title='bbox 244 2015 328 2077; x_wconf 88' lang='lat' dir='ltr'><strong>hunc</strong></span> <span class='ocrx_word' id='word_1_123' title='bbox 353 2014 498 2095; x_wconf 92' lang='lat' dir='ltr'><strong>modum,</strong></span> <span class='ocrx_word' id='word_1_124' title='bbox 523 2014 611 2097; x_wconf 94' lang='lat' dir='ltr'><strong>quod</strong></span> <span class='ocrx_word' id='word_1_125' title='bbox 640 2014 765 2097; x_wconf 90' lang='lat' dir='ltr'><strong>pridem</strong></span> <span class='ocrx_word' id='word_1_126' title='bbox 798 2015 857 2097; x_wconf 91' lang='lat' dir='ltr'><strong>ipsi</strong></span> <span class='ocrx_word' id='word_1_127' title='bbox 882 2014 914 2075; x_wconf 92' lang='lat' dir='ltr'><strong>in</strong></span> <span class='ocrx_word' id='word_1_128' title='bbox 947 2013 1029 2076; x_wconf 84' lang='lat' dir='ltr'><strong>facto</strong></span> <span class='ocrx_word' id='word_1_129' title='bbox 1062 2014 1205 2096; x_wconf 89' lang='lat' dir='ltr'><strong>predicto</strong></span> <span class='ocrx_word' id='word_1_130' title='bbox 1236 2012 1340 2074; x_wconf 89' lang='lat' dir='ltr'><strong>taliter</strong></span> <span class='ocrx_word' id='word_1_131' title='bbox 1363 2010 1505 2073; x_wconf 89' lang='lat' dir='ltr'><strong>arbitrati</strong></span> 
     </span>
     <span class='ocr_line' id='line_1_17' title="bbox 245 2117 1505 2204; baseline -0.003 -24"><span class='ocrx_word' id='word_1_132' title='bbox 245 2121 420 2183; x_wconf 84' lang='lat' dir='ltr'><strong>extitissent</strong></span> <span class='ocrx_word' id='word_1_133' title='bbox 442 2121 482 2183; x_wconf 88' lang='lat' dir='ltr'><strong>de</strong></span> <span class='ocrx_word' id='word_1_134' title='bbox 495 2136 670 2204; x_wconf 89' lang='lat' dir='ltr'><strong>spontanea</strong></span> <span class='ocrx_word' id='word_1_135' title='bbox 687 2120 852 2182; x_wconf 87' lang='lat' dir='ltr'><strong>voluntate</strong></span> <span class='ocrx_word' id='word_1_136' title='bbox 870 2121 1011 2202; x_wconf 91' lang='lat' dir='ltr'><strong>parcium</strong></span> <span class='ocrx_word' id='word_1_137' title='bbox 1030 2120 1254 2202; x_wconf 88' lang='lat' dir='ltr'><strong>predictarum,</strong></span> <span class='ocrx_word' id='word_1_138' title='bbox 1272 2120 1392 2199; x_wconf 88' lang='lat' dir='ltr'><strong>absque</strong></span> <span class='ocrx_word' id='word_1_139' title='bbox 1410 2117 1505 2177; x_wconf 88' lang='lat' dir='ltr'><strong>inter·</strong></span> 
     </span>
     <span class='ocr_line' id='line_1_18' title="bbox 245 2222 1505 2310; baseline -0.003 -22"><span class='ocrx_word' id='word_1_140' title='bbox 245 2228 410 2309; x_wconf 89' lang='lat' dir='ltr'><strong>posicione</strong></span> <span class='ocrx_word' id='word_1_141' title='bbox 435 2247 517 2310; x_wconf 90' lang='lat' dir='ltr'><strong>pene</strong></span> <span class='ocrx_word' id='word_1_142' title='bbox 542 2228 686 2310; x_wconf 85' lang='lat' dir='ltr'><strong>aliquali,</strong></span> <span class='ocrx_word' id='word_1_143' title='bbox 711 2226 798 2310; x_wconf 94' lang='lat' dir='ltr'><strong>quod</strong></span> <span class='ocrx_word' id='word_1_144' title='bbox 823 2227 983 2308; x_wconf 89' lang='lat' dir='ltr'><strong>palacium</strong></span> <span class='ocrx_word' id='word_1_145' title='bbox 1000 2247 1073 2289; x_wconf 90' lang='lat' dir='ltr'><strong>cum</strong></span> <span class='ocrx_word' id='word_1_146' title='bbox 1097 2227 1162 2288; x_wconf 90' lang='lat' dir='ltr'><strong>suis</strong></span> <span class='ocrx_word' id='word_1_147' title='bbox 1174 2224 1330 2287; x_wconf 89' lang='lat' dir='ltr'><strong>hedificiis</strong></span> <span class='ocrx_word' id='word_1_148' title='bbox 1346 2238 1376 2285; x_wconf 90' lang='lat' dir='ltr'><strong>et</strong></span> <span class='ocrx_word' id='word_1_149' title='bbox 1393 2222 1505 2301; x_wconf 84' lang='lat' dir='ltr'><strong>fundo,</strong></span> 
     </span>
     <span class='ocr_line' id='line_1_19' title="bbox 248 2331 1505 2432; baseline -0.003 -37"><span class='ocrx_word' id='word_1_150' title='bbox 248 2334 378 2415; x_wconf 90' lang='lat' dir='ltr'><strong>antiqua</strong></span> <span class='ocrx_word' id='word_1_151' title='bbox 403 2335 496 2396; x_wconf 87' lang='lat' dir='ltr'><strong>vinea</strong></span> <span class='ocrx_word' id='word_1_152' title='bbox 520 2348 551 2397; x_wconf 87' lang='lat' dir='ltr'><strong>et</strong></span> <span class='ocrx_word' id='word_1_153' title='bbox 576 2334 714 2416; x_wconf 91' lang='lat' dir='ltr'><strong>quadam</strong></span> <span class='ocrx_word' id='word_1_154' title='bbox 738 2334 882 2416; x_wconf 90' lang='lat' dir='ltr'><strong>plantula</strong></span> <span class='ocrx_word' id='word_1_155' title='bbox 914 2333 1000 2396; x_wconf 92' lang='lat' dir='ltr'><strong>dicto</strong></span> <span class='ocrx_word' id='word_1_156' title='bbox 1026 2332 1064 2396; x_wconf 93' lang='lat' dir='ltr'><strong>G.</strong></span> <span class='ocrx_word' id='word_1_157' title='bbox 1089 2333 1303 2432; x_wconf 78' lang='lat' dir='ltr'><strong>arbitrasseqt,</strong></span> <span class='ocrx_word' id='word_1_158' title='bbox 1327 2331 1406 2393; x_wconf 86' lang='lat' dir='ltr'><strong>alias</strong></span> <span class='ocrx_word' id='word_1_159' title='bbox 1429 2350 1505 2391; x_wconf 90' lang='lat' dir='ltr'><strong>vero</strong></span> 
     </span>
     <span class='ocr_line' id='line_1_20' title="bbox 246 2438 1294 2523; baseline 0 -21"><span class='ocrx_word' id='word_1_160' title='bbox 246 2441 462 2523; x_wconf 88' lang='lat' dir='ltr'><strong>possessiones</strong></span> <span class='ocrx_word' id='word_1_161' title='bbox 487 2441 649 2503; x_wconf 86' lang='lat' dir='ltr'><strong>universas</strong></span> <span class='ocrx_word' id='word_1_162' title='bbox 672 2441 811 2502; x_wconf 89' lang='lat' dir='ltr'><strong>totaliter</strong></span> <span class='ocrx_word' id='word_1_163' title='bbox 835 2439 1025 2502; x_wconf 88' lang='lat' dir='ltr'><strong>dividendas</strong></span> <span class='ocrx_word' id='word_1_164' title='bbox 1048 2440 1129 2501; x_wconf 90' lang='lat' dir='ltr'><strong>iuter</strong></span> <span class='ocrx_word' id='word_1_165' title='bbox 1153 2438 1294 2502; x_wconf 90' lang='lat' dir='ltr'><strong>eosdem.</strong></span> 
     </span>
    </p>

    <p class='ocr_par' dir='ltr' id='par_1_7' title="bbox 246 2544 1508 2948">
     <span class='ocr_line' id='line_1_21' title="bbox 350 2544 1503 2629; baseline -0.004 -21"><span class='ocrx_word' id='word_1_166' title='bbox 350 2548 401 2610; x_wconf 90' lang='lat' dir='ltr'><strong>lsti</strong></span> <span class='ocrx_word' id='word_1_167' title='bbox 426 2562 499 2609; x_wconf 92' lang='lat' dir='ltr'><strong>sunt</strong></span> <span class='ocrx_word' id='word_1_168' title='bbox 523 2567 604 2628; x_wconf 91' lang='lat' dir='ltr'><strong>quos</strong></span> <span class='ocrx_word' id='word_1_169' title='bbox 621 2547 821 2628; x_wconf 81' lang='lat' dir='ltr'><strong>Margaretha</strong></span> <span class='ocrx_word' id='word_1_170' title='bbox 844 2547 950 2629; x_wconf 90' lang='lat' dir='ltr'><strong>puella</strong></span> <span class='ocrx_word' id='word_1_171' title='bbox 981 2545 1159 2608; x_wconf 90' lang='lat' dir='ltr'><strong>nominavit</strong></span> <span class='ocrx_word' id='word_1_172' title='bbox 1191 2565 1258 2606; x_wconf 89' lang='lat' dir='ltr'><strong>esse</strong></span> <span class='ocrx_word' id='word_1_173' title='bbox 1283 2544 1503 2626; x_wconf 85' lang='lat' dir='ltr'><strong>deportatores</strong></span> 
     </span>
     <span class='ocr_line' id='line_1_22' title="bbox 246 2649 1507 2730; baseline -0.004 -16"><span class='ocrx_word' id='word_1_174' title='bbox 246 2653 320 2714; x_wconf 88' lang='lat' dir='ltr'><strong>salis</strong></span> <span class='ocrx_word' id='word_1_175' title='bbox 344 2667 375 2716; x_wconf 87' lang='lat' dir='ltr'><strong>et</strong></span> <span class='ocrx_word' id='word_1_176' title='bbox 398 2653 561 2715; x_wconf 91' lang='lat' dir='ltr'><strong>lardorum</strong></span> <span class='ocrx_word' id='word_1_177' title='bbox 589 2655 699 2715; x_wconf 88' lang='lat' dir='ltr'><strong>Kauke</strong></span> <span class='ocrx_word' id='word_1_178' title='bbox 723 2653 883 2716; x_wconf 87' lang='lat' dir='ltr'><strong>mulieris:</strong></span> <span class='ocrx_word' id='word_1_179' title='bbox 910 2653 954 2714; x_wconf 90' lang='lat' dir='ltr'><strong>St.</strong></span> <span class='ocrx_word' id='word_1_180' title='bbox 979 2653 1064 2715; x_wconf 91' lang='lat' dir='ltr'><strong>filius</strong></span> <span class='ocrx_word' id='word_1_181' title='bbox 1088 2651 1243 2730; x_wconf 88' lang='lat' dir='ltr'><strong>Ceruech,</strong></span> <span class='ocrx_word' id='word_1_182' title='bbox 1270 2650 1399 2728; x_wconf 84' lang='lat' dir='ltr'><strong>Mathia,</strong></span> <span class='ocrx_word' id='word_1_183' title='bbox 1424 2649 1507 2710; x_wconf 90' lang='lat' dir='ltr'><strong>auri·-</strong></span> 
     </span>
     <span class='ocr_line' id='line_1_23' title="bbox 246 2756 1508 2842; baseline -0.003 -22"><span class='ocrx_word' id='word_1_184' title='bbox 246 2759 326 2821; x_wconf 85' lang='lat' dir='ltr'><strong>fabri</strong></span> <span class='ocrx_word' id='word_1_185' title='bbox 351 2774 382 2822; x_wconf 88' lang='lat' dir='ltr'><strong>et</strong></span> <span class='ocrx_word' id='word_1_186' title='bbox 406 2759 550 2842; x_wconf 81' lang='lat' dir='ltr'><strong>Scopcha</strong></span> <span class='ocrx_word' id='word_1_187' title='bbox 574 2760 709 2822; x_wconf 91' lang='lat' dir='ltr'><strong>servitor</strong></span> <span class='ocrx_word' id='word_1_188' title='bbox 739 2760 875 2822; x_wconf 86' lang='lat' dir='ltr'><strong>condam</strong></span> <span class='ocrx_word' id='word_1_189' title='bbox 902 2760 928 2821; x_wconf 88' lang='lat' dir='ltr'><strong>J.</strong></span> <span class='ocrx_word' id='word_1_190' title='bbox 953 2759 1069 2841; x_wconf 89' lang='lat' dir='ltr'><strong>Crispi,</strong></span> <span class='ocrx_word' id='word_1_191' title='bbox 1102 2760 1219 2841; x_wconf 88' lang='lat' dir='ltr'><strong>quibus</strong></span> <span class='ocrx_word' id='word_1_192' title='bbox 1243 2758 1396 2820; x_wconf 90' lang='lat' dir='ltr'><strong>Nicolaus</strong></span> <span class='ocrx_word' id='word_1_193' title='bbox 1419 2756 1508 2817; x_wconf 84' lang='lat' dir='ltr'><strong>faber</strong></span> 
     </span>
     <span class='ocr_line' id='line_1_24' title="bbox 246 2866 685 2948; baseline 0.002 -20"><span class='ocrx_word' id='word_1_194' title='bbox 246 2868 370 2948; x_wconf 85' lang='lat' dir='ltr'><strong>aperuit</strong></span> <span class='ocrx_word' id='word_1_195' title='bbox 393 2867 534 2929; x_wconf 91' lang='lat' dir='ltr'><strong>hostium</strong></span> <span class='ocrx_word' id='word_1_196' title='bbox 559 2866 685 2929; x_wconf 92' lang='lat' dir='ltr'><strong>domus.</strong></span> 
     </span>
    </p>

    <p class='ocr_par' dir='ltr' id='par_1_8' title="bbox 247 2970 1508 3355">
     <span class='ocr_line' id='line_1_25' title="bbox 352 2970 1507 3036; baseline -0.004 0"><span class='ocrx_word' id='word_1_197' title='bbox 352 2975 429 3036; x_wconf 91' lang='lat' dir='ltr'><strong>ltem</strong></span> <span class='ocrx_word' id='word_1_198' title='bbox 454 2973 598 3036; x_wconf 87' lang='lat' dir='ltr'><strong>Francha</strong></span> <span class='ocrx_word' id='word_1_199' title='bbox 622 2973 707 3036; x_wconf 87' lang='lat' dir='ltr'><strong>filius</strong></span> <span class='ocrx_word' id='word_1_200' title='bbox 731 2973 829 3035; x_wconf 89' lang='lat' dir='ltr'><strong>Marci</strong></span> <span class='ocrx_word' id='word_1_201' title='bbox 853 2986 962 3035; x_wconf 90' lang='lat' dir='ltr'><strong>contra</strong></span> <span class='ocrx_word' id='word_1_202' title='bbox 980 2973 1149 3035; x_wconf 90' lang='lat' dir='ltr'><strong>Nicolaum</strong></span> <span class='ocrx_word' id='word_1_203' title='bbox 1174 2970 1369 3033; x_wconf 83' lang='lat' dir='ltr'><strong>aurifabrum</strong></span> <span class='ocrx_word' id='word_1_204' title='bbox 1394 2984 1507 3032; x_wconf 88' lang='lat' dir='ltr'><strong>octavo</strong></span> 
     </span>
     <span class='ocr_line' id='line_1_26' title="bbox 247 3075 1508 3163; baseline -0.002 -23"><span class='ocrx_word' id='word_1_205' title='bbox 247 3079 298 3142; x_wconf 90' lang='lat' dir='ltr'><strong>die</strong></span> <span class='ocrx_word' id='word_1_206' title='bbox 323 3101 377 3163; x_wconf 88' lang='lat' dir='ltr'><strong>per</strong></span> <span class='ocrx_word' id='word_1_207' title='bbox 394 3081 560 3142; x_wconf 87' lang='lat' dir='ltr'><strong>dominam</strong></span> <span class='ocrx_word' id='word_1_208' title='bbox 585 3079 760 3141; x_wconf 88' lang='lat' dir='ltr'><strong>Blancham</strong></span> <span class='ocrx_word' id='word_1_209' title='bbox 784 3094 815 3141; x_wconf 90' lang='lat' dir='ltr'><strong>et</strong></span> <span class='ocrx_word' id='word_1_210' title='bbox 838 3080 980 3141; x_wconf 91' lang='lat' dir='ltr'><strong>relictam</strong></span> <span class='ocrx_word' id='word_1_211' title='bbox 1006 3078 1169 3140; x_wconf 89' lang='lat' dir='ltr'><strong>Benedicti</strong></span> <span class='ocrx_word' id='word_1_212' title='bbox 1194 3077 1358 3159; x_wconf 91' lang='lat' dir='ltr'><strong>quondam</strong></span> <span class='ocrx_word' id='word_1_213' title='bbox 1392 3075 1508 3156; x_wconf 87' lang='lat' dir='ltr'><strong>judicis</strong></span> 
     </span>
     <span class='ocr_line' id='line_1_27' title="bbox 247 3182 1506 3268; baseline -0.004 -20"><span class='ocrx_word' id='word_1_214' title='bbox 247 3187 466 3249; x_wconf 89' lang='lat' dir='ltr'><strong>testimonium</strong></span> <span class='ocrx_word' id='word_1_215' title='bbox 492 3186 669 3268; x_wconf 89' lang='lat' dir='ltr'><strong>producere</strong></span> <span class='ocrx_word' id='word_1_216' title='bbox 694 3199 837 3263; x_wconf 90' lang='lat' dir='ltr'><strong>tenetur;</strong></span> <span class='ocrx_word' id='word_1_217' title='bbox 862 3199 893 3247; x_wconf 93' lang='lat' dir='ltr'><strong>et</strong></span> <span class='ocrx_word' id='word_1_218' title='bbox 917 3184 1077 3267; x_wconf 84' lang='lat' dir='ltr'><strong>Georgius</strong></span> <span class='ocrx_word' id='word_1_219' title='bbox 1101 3184 1274 3265; x_wconf 89' lang='lat' dir='ltr'><strong>Comparia</strong></span> <span class='ocrx_word' id='word_1_220' title='bbox 1299 3203 1355 3266; x_wconf 92' lang='lat' dir='ltr'><strong>per</strong></span> <span class='ocrx_word' id='word_1_221' title='bbox 1379 3182 1506 3243; x_wconf 90' lang='lat' dir='ltr'><strong>easdem</strong></span> 
     </span>
     <span class='ocr_line' id='line_1_28' title="bbox 247 3292 784 3355; baseline 0.002 -2"><span class='ocrx_word' id='word_1_222' title='bbox 247 3292 396 3355; x_wconf 91' lang='lat' dir='ltr'><strong>dominas</strong></span> <span class='ocrx_word' id='word_1_223' title='bbox 419 3293 565 3354; x_wconf 90' lang='lat' dir='ltr'><strong>similiter</strong></span> <span class='ocrx_word' id='word_1_224' title='bbox 589 3306 619 3355; x_wconf 93' lang='lat' dir='ltr'><strong>et</strong></span> <span class='ocrx_word' id='word_1_225' title='bbox 645 3293 784 3354; x_wconf 86' lang='lat' dir='ltr'><strong>Petrum.</strong></span> 
     </span>
    </p>

    <p class='ocr_par' dir='ltr' id='par_1_9' title="bbox 248 3394 1508 3587">
     <span class='ocr_line' id='line_1_29' title="bbox 354 3394 1508 3477; baseline -0.003 -17"><span class='ocrx_word' id='word_1_226' title='bbox 354 3400 431 3461; x_wconf 89' lang='lat' dir='ltr'><strong>ltem</strong></span> <span class='ocrx_word' id='word_1_227' title='bbox 455 3419 528 3461; x_wconf 88' lang='lat' dir='ltr'><strong>cum</strong></span> <span class='ocrx_word' id='word_1_228' title='bbox 552 3399 674 3461; x_wconf 90' lang='lat' dir='ltr'><strong>venerit</strong></span> <span class='ocrx_word' id='word_1_229' title='bbox 692 3398 861 3477; x_wconf 88' lang='lat' dir='ltr'><strong>Dechmar,</strong></span> <span class='ocrx_word' id='word_1_230' title='bbox 885 3411 961 3460; x_wconf 90' lang='lat' dir='ltr'><strong>tunc</strong></span> <span class='ocrx_word' id='word_1_231' title='bbox 977 3399 1099 3460; x_wconf 87' lang='lat' dir='ltr'><strong>luanko</strong></span> <span class='ocrx_word' id='word_1_232' title='bbox 1123 3410 1321 3459; x_wconf 87' lang='lat' dir='ltr'><strong>sacramento</strong></span> <span class='ocrx_word' id='word_1_233' title='bbox 1346 3394 1508 3456; x_wconf 88' lang='lat' dir='ltr'><strong>mediante</strong></span> 
     </span>
     <span class='ocr_line' id='line_1_30' title="bbox 248 3505 1024 3587; baseline 0.001 -20"><span class='ocrx_word' id='word_1_234' title='bbox 248 3507 280 3567; x_wconf 89' lang='lat' dir='ltr'><strong>in</strong></span> <span class='ocrx_word' id='word_1_235' title='bbox 306 3505 388 3568; x_wconf 84' lang='lat' dir='ltr'><strong>facto</strong></span> <span class='ocrx_word' id='word_1_236' title='bbox 413 3506 509 3567; x_wconf 88' lang='lat' dir='ltr'><strong>unius</strong></span> <span class='ocrx_word' id='word_1_237' title='bbox 533 3507 607 3586; x_wconf 93' lang='lat' dir='ltr'><strong>equi</strong></span> <span class='ocrx_word' id='word_1_238' title='bbox 632 3526 664 3566; x_wconf 90' lang='lat' dir='ltr'><strong>se</strong></span> <span class='ocrx_word' id='word_1_239' title='bbox 690 3524 865 3587; x_wconf 84' lang='lat' dir='ltr'><strong>expurgare</strong></span> <span class='ocrx_word' id='word_1_240' title='bbox 889 3519 1024 3568; x_wconf 88' lang='lat' dir='ltr'><strong>tenetur.</strong></span> 
     </span>
    </p>

    <p class='ocr_par' dir='ltr' id='par_1_10' title="bbox 353 3608 1508 3688">
     <span class='ocr_line' id='line_1_31' title="bbox 353 3608 1508 3688; baseline -0.005 -15"><span class='ocrx_word' id='word_1_241' title='bbox 353 3613 431 3674; x_wconf 91' lang='lat' dir='ltr'><strong>ltem</strong></span> <span class='ocrx_word' id='word_1_242' title='bbox 456 3613 602 3675; x_wconf 84' lang='lat' dir='ltr'><strong>Thomas</strong></span> <span class='ocrx_word' id='word_1_243' title='bbox 626 3626 736 3674; x_wconf 88' lang='lat' dir='ltr'><strong>contra</strong></span> <span class='ocrx_word' id='word_1_244' title='bbox 752 3612 923 3673; x_wconf 90' lang='lat' dir='ltr'><strong>luaninum</strong></span> <span class='ocrx_word' id='word_1_245' title='bbox 947 3610 1088 3672; x_wconf 91' lang='lat' dir='ltr'><strong>secundo</strong></span> <span class='ocrx_word' id='word_1_246' title='bbox 1106 3610 1219 3671; x_wconf 91' lang='lat' dir='ltr'><strong>citatus</strong></span> <span class='ocrx_word' id='word_1_247' title='bbox 1235 3629 1300 3671; x_wconf 88' lang='lat' dir='ltr'><strong>non</strong></span> <span class='ocrx_word' id='word_1_248' title='bbox 1318 3608 1508 3688; x_wconf 88' lang='lat' dir='ltr'><strong>comparuit.</strong></span> 
     </span>
    </p>

    <p class='ocr_par' dir='ltr' id='par_1_11' title="bbox 248 3712 1507 3905">
     <span class='ocr_line' id='line_1_32' title="bbox 353 3712 1507 3802; baseline -0.005 -23"><span class='ocrx_word' id='word_1_249' title='bbox 353 3720 431 3780; x_wconf 92' lang='lat' dir='ltr'><strong>ltem</strong></span> <span class='ocrx_word' id='word_1_250' title='bbox 456 3719 585 3802; x_wconf 87' lang='lat' dir='ltr'><strong>Endrey</strong></span> <span class='ocrx_word' id='word_1_251' title='bbox 610 3720 713 3781; x_wconf 92' lang='lat' dir='ltr'><strong>dictus</strong></span> <span class='ocrx_word' id='word_1_252' title='bbox 737 3716 850 3780; x_wconf 91' lang='lat' dir='ltr'><strong>Zuizth</strong></span> <span class='ocrx_word' id='word_1_253' title='bbox 875 3738 975 3800; x_wconf 91' lang='lat' dir='ltr'><strong>usque</strong></span> <span class='ocrx_word' id='word_1_254' title='bbox 993 3716 1178 3799; x_wconf 88' lang='lat' dir='ltr'><strong>quindecim</strong></span> <span class='ocrx_word' id='word_1_255' title='bbox 1203 3716 1272 3777; x_wconf 89' lang='lat' dir='ltr'><strong>dies</strong></span> <span class='ocrx_word' id='word_1_256' title='bbox 1296 3727 1422 3776; x_wconf 90' lang='lat' dir='ltr'><strong>tenetur</strong></span> <span class='ocrx_word' id='word_1_257' title='bbox 1445 3712 1507 3774; x_wconf 93' lang='lat' dir='ltr'><strong>sol-</strong></span> 
     </span>
     <span class='ocr_line' id='line_1_33' title="bbox 248 3823 1147 3905; baseline -0.002 -20"><span class='ocrx_word' id='word_1_258' title='bbox 248 3845 321 3887; x_wconf 91' lang='lat' dir='ltr'><strong>vere</strong></span> <span class='ocrx_word' id='word_1_259' title='bbox 347 3825 496 3905; x_wconf 82' lang='lat' dir='ltr'><strong>Dragone</strong></span> <span class='ocrx_word' id='word_1_260' title='bbox 520 3826 619 3887; x_wconf 90' lang='lat' dir='ltr'><strong>sutori</strong></span> <span class='ocrx_word' id='word_1_261' title='bbox 645 3845 743 3886; x_wconf 90' lang='lat' dir='ltr'><strong>unam</strong></span> <span class='ocrx_word' id='word_1_262' title='bbox 767 3844 905 3887; x_wconf 88' lang='lat' dir='ltr'><strong>marcam</strong></span> <span class='ocrx_word' id='word_1_263' title='bbox 930 3823 1147 3886; x_wconf 91' lang='lat' dir='ltr'><strong>denariorum.</strong></span> 
     </span>
    </p>
   </div>
   <div class='ocr_carea' id='block_1_3' title="bbox 288 4043 1467 4242">
    <p class='ocr_par' dir='ltr' id='par_1_12' title="bbox 288 4043 1467 4242">
     <span class='ocr_line' id='line_1_34' title="bbox 288 4043 1467 4136; baseline -0.003 -19"><span class='ocrx_word' id='word_1_264' title='bbox 288 4043 385 4118; x_wconf 84' lang='lat' dir='ltr'><strong>Feria</strong></span> <span class='ocrx_word' id='word_1_265' title='bbox 410 4049 517 4118; x_wconf 86' lang='lat' dir='ltr'><strong>tercia</strong></span> <span class='ocrx_word' id='word_1_266' title='bbox 544 4049 700 4136; x_wconf 83' lang='lat' dir='ltr'><strong>proxima</strong></span> <span class='ocrx_word' id='word_1_267' title='bbox 728 4053 805 4119; x_wconf 84' lang='lat' dir='ltr'><strong>ante</strong></span> <span class='ocrx_word' id='word_1_268' title='bbox 833 4046 954 4123; x_wconf 75' lang='lat' dir='ltr'><strong>tastum</strong></span> <span class='ocrx_word' id='word_1_269' title='bbox 982 4051 1098 4117; x_wconf 86' lang='lat' dir='ltr'><strong>sancte</strong></span> <span class='ocrx_word' id='word_1_270' title='bbox 1127 4044 1296 4132; x_wconf 85' lang='lat' dir='ltr'><strong>llateryne</strong></span> <span class='ocrx_word' id='word_1_271' title='bbox 1323 4043 1467 4130; x_wconf 80' lang='lat' dir='ltr'><strong>virginis</strong></span> 
     </span>
     <span class='ocr_line' id='line_1_35' title="bbox 766 4171 992 4242; baseline -0.009 0"><span class='ocrx_word' id='word_1_272' title='bbox 766 4177 799 4242; x_wconf 87' lang='lat' dir='ltr'><strong>et</strong></span> <span class='ocrx_word' id='word_1_273' title='bbox 826 4171 992 4241; x_wconf 87' lang='lat' dir='ltr'><strong>martiris.</strong></span> 
     </span>
    </p>
   </div>
   <div class='ocr_carea' id='block_1_4' title="bbox 745 4322 1013 4398">
    <p class='ocr_par' dir='ltr' id='par_1_13' title="bbox 745 4322 1013 4398">
     <span class='ocr_line' id='line_1_36' title="bbox 745 4322 1013 4398; baseline 0.011 -19"><span class='ocrx_word' id='word_1_274' title='bbox 745 4334 805 4398; x_wconf 88' lang='lat'><strong>(21.</strong></span> <span class='ocrx_word' id='word_1_275' title='bbox 828 4322 1013 4397; x_wconf 83' lang='lat' dir='ltr'><strong>novembris).</strong></span> 
     </span>
    </p>
   </div>
   <div class='ocr_carea' id='block_1_5' title="bbox 250 4456 1512 4866">
    <p class='ocr_par' dir='ltr' id='par_1_14' title="bbox 250 4456 1510 4652">
     <span class='ocr_line' id='line_1_37' title="bbox 356 4456 1510 4546; baseline -0.006 -22"><span class='ocrx_word' id='word_1_276' title='bbox 356 4464 434 4525; x_wconf 92' lang='lat' dir='ltr'><strong>ltem</strong></span> <span class='ocrx_word' id='word_1_277' title='bbox 458 4482 550 4525; x_wconf 87' lang='lat' dir='ltr'><strong>causa</strong></span> <span class='ocrx_word' id='word_1_278' title='bbox 575 4483 638 4546; x_wconf 90' lang='lat' dir='ltr'><strong>que</strong></span> <span class='ocrx_word' id='word_1_279' title='bbox 654 4464 786 4525; x_wconf 89' lang='lat' dir='ltr'><strong>vertitur</strong></span> <span class='ocrx_word' id='word_1_280' title='bbox 810 4464 892 4524; x_wconf 90' lang='lat' dir='ltr'><strong>inter</strong></span> <span class='ocrx_word' id='word_1_281' title='bbox 907 4461 1049 4523; x_wconf 90' lang='lat' dir='ltr'><strong>relictam</strong></span> <span class='ocrx_word' id='word_1_282' title='bbox 1076 4458 1291 4522; x_wconf 88' lang='lat' dir='ltr'><strong>Meltkochren</strong></span> <span class='ocrx_word' id='word_1_283' title='bbox 1316 4471 1346 4519; x_wconf 96' lang='lat' dir='ltr'><strong>et</strong></span> <span class='ocrx_word' id='word_1_284' title='bbox 1363 4456 1403 4519; x_wconf 93' lang='lat' dir='ltr'><strong>G.</strong></span> <span class='ocrx_word' id='word_1_285' title='bbox 1429 4457 1510 4518; x_wconf 90' lang='lat' dir='ltr'><strong>litte-</strong></span> 
     </span>
     <span class='ocr_line' id='line_1_38' title="bbox 250 4569 879 4652; baseline -0.002 -22"><span class='ocrx_word' id='word_1_286' title='bbox 250 4582 353 4631; x_wconf 91' lang='lat' dir='ltr'><strong>ratum</strong></span> <span class='ocrx_word' id='word_1_287' title='bbox 378 4569 418 4630; x_wconf 90' lang='lat' dir='ltr'><strong>ad</strong></span> <span class='ocrx_word' id='word_1_288' title='bbox 442 4583 515 4632; x_wconf 92' lang='lat' dir='ltr'><strong>octo</strong></span> <span class='ocrx_word' id='word_1_289' title='bbox 540 4570 607 4631; x_wconf 91' lang='lat' dir='ltr'><strong>dies</strong></span> <span class='ocrx_word' id='word_1_290' title='bbox 631 4583 677 4632; x_wconf 90' lang='lat' dir='ltr'><strong>est</strong></span> <span class='ocrx_word' id='word_1_291' title='bbox 700 4582 879 4652; x_wconf 83' lang='lat' dir='ltr'><strong>prorogata.</strong></span> 
     </span>
    </p>

    <p class='ocr_par' dir='ltr' id='par_1_15' title="bbox 252 4670 1512 4866">
     <span class='ocr_line' id='line_1_39' title="bbox 356 4670 1512 4758; baseline -0.005 -20"><span class='ocrx_word' id='word_1_292' title='bbox 356 4677 434 4739; x_wconf 88' lang='lat' dir='ltr'><strong>ltem</strong></span> <span class='ocrx_word' id='word_1_293' title='bbox 466 4697 559 4739; x_wconf 89' lang='lat' dir='ltr'><strong>causa</strong></span> <span class='ocrx_word' id='word_1_294' title='bbox 591 4697 654 4758; x_wconf 91' lang='lat' dir='ltr'><strong>que</strong></span> <span class='ocrx_word' id='word_1_295' title='bbox 685 4677 817 4738; x_wconf 89' lang='lat' dir='ltr'><strong>vertitur</strong></span> <span class='ocrx_word' id='word_1_296' title='bbox 848 4676 929 4737; x_wconf 92' lang='lat' dir='ltr'><strong>inter</strong></span> <span class='ocrx_word' id='word_1_297' title='bbox 960 4674 1082 4736; x_wconf 91' lang='lat' dir='ltr'><strong>dictum</strong></span> <span class='ocrx_word' id='word_1_298' title='bbox 1113 4671 1153 4736; x_wconf 93' lang='lat' dir='ltr'><strong>G.</strong></span> <span class='ocrx_word' id='word_1_299' title='bbox 1178 4686 1209 4734; x_wconf 93' lang='lat' dir='ltr'><strong>et</strong></span> <span class='ocrx_word' id='word_1_300' title='bbox 1240 4672 1384 4735; x_wconf 81' lang='lat' dir='ltr'><strong>sslasium</strong></span> <span class='ocrx_word' id='word_1_301' title='bbox 1409 4670 1512 4733; x_wconf 86' lang='lat' dir='ltr'><strong>filium</strong></span> 
     </span>
     <span class='ocr_line' id='line_1_40' title="bbox 252 4783 1110 4866; baseline -0.001 -21"><span class='ocrx_word' id='word_1_302' title='bbox 252 4784 385 4846; x_wconf 89' lang='lat' dir='ltr'><strong>Strozak</strong></span> <span class='ocrx_word' id='word_1_303' title='bbox 408 4784 450 4846; x_wconf 89' lang='lat' dir='ltr'><strong>ad</strong></span> <span class='ocrx_word' id='word_1_304' title='bbox 473 4799 546 4846; x_wconf 94' lang='lat' dir='ltr'><strong>octo</strong></span> <span class='ocrx_word' id='word_1_305' title='bbox 571 4783 639 4846; x_wconf 88' lang='lat' dir='ltr'><strong>dies</strong></span> <span class='ocrx_word' id='word_1_306' title='bbox 662 4784 701 4846; x_wconf 87' lang='lat' dir='ltr'><strong>ad</strong></span> <span class='ocrx_word' id='word_1_307' title='bbox 726 4802 838 4866; x_wconf 89' lang='lat' dir='ltr'><strong>pacem</strong></span> <span class='ocrx_word' id='word_1_308' title='bbox 861 4796 908 4844; x_wconf 87' lang='lat' dir='ltr'><strong>est</strong></span> <span class='ocrx_word' id='word_1_309' title='bbox 930 4794 1110 4866; x_wconf 82' lang='lat' dir='ltr'><strong>prorogata.</strong></span> 
     </span>
    </p>
   </div>
   <div class='ocr_carea' id='block_1_6' title="bbox 0 0 1765 5250">
    <p class='ocr_par' dir='ltr' id='par_1_16' title="bbox 0 0 1765 5250">
     <span class='ocr_line' id='line_1_41' title="bbox 0 0 1765 5250; baseline 0 0"><span class='ocrx_word' id='word_1_310' title='bbox 0 0 1765 5250; x_wconf 95' lang='lat' dir='ltr'><strong> </strong></span> 
     </span>
    </p>
   </div>
  </div>
 </body>
</html>
