3488 5250
600 345 687 402 Anno
709 357 799 420 1359.
824 379 866 388 -
891 358 941 420 19.
967 347 1075 406 martii.

219 551 343 635 Reyniz
364 565 536 632 emanatas,
561 567 671 614 contra
703 554 807 636 ipsum
833 554 1007 616 Martinum
1039 554 1072 616 in
1099 553 1220 633 judicio
1252 574 1360 616 coram
1386 555 1480 617 nobis

219 657 369 721 exhibere
393 678 457 720 non
483 658 615 737 curavit,
639 673 806 740 agravatus
830 673 876 722 est
900 660 932 721 in
960 660 1132 742 potenciali
1164 659 1285 740 judicio
1308 660 1428 723 scilicet
1451 661 1480 722 x

217 783 396 826 marcarum
427 783 486 846 pro
517 763 623 843 judice
654 764 895 844 solvendarum,
926 765 1016 828 salvo
1047 765 1126 844 hoc,
1158 764 1246 847 quod
1279 779 1393 828 octavo
1424 766 1476 828 die

216 869 345 932 easdem
368 870 488 932 litteras
509 871 628 951 absque
653 869 812 932 dilacione
837 871 973 952 aliquali
998 890 1105 933 coram
1130 871 1224 933 nobis
1247 883 1357 933 contra
1373 871 1478 953 ipsum

217 974 391 1037 Martinum
416 976 565 1038 exhibere
588 988 723 1039 tenetur.

322 1098 400 1160 ltem
423 1111 537 1161 octavo
561 1098 613 1160 die
638 1099 743 1162 Petres
770 1099 889 1182 loripes
912 1120 945 1162 se
976 1113 1082 1162 sextus
1106 1113 1216 1162 contra
1242 1101 1475 1182 Margaretham

219 1203 446 1265 Brodarichsm
471 1205 503 1265 in
529 1203 615 1266 furtu
638 1225 671 1266 se
695 1224 871 1289 expurgare
894 1219 1030 1268 tenetur.

323 1309 400 1372 ltem
427 1309 563 1373 Mathias
586 1311 742 1374 litteratus
773 1325 882 1373 contra
914 1311 1093 1374 Johannem
1126 1327 1278 1375 sartorem
1304 1312 1409 1394 primo
1432 1312 1474 1373 ci·

221 1430 304 1479 tatus
327 1437 392 1479 non
417 1418 606 1500 comparuit.

323 1523 400 1585 ltem
425 1536 539 1585 octavo
563 1523 616 1585 die
640 1522 785 1585 Donatus
815 1522 976 1586 aurifaber
997 1544 1031 1584 se
1055 1524 1197 1587 secundo
1229 1539 1339 1586 contra
1363 1525 1479 1607 Mykus

219 1628 433 1710 juramentum
459 1643 598 1712 prestare
621 1643 747 1692 tenetur
770 1649 866 1711 super
889 1649 939 1708 eo,
972 1630 1060 1712 quod
1083 1649 1178 1712 super
1209 1629 1348 1712 quadam
1374 1630 1478 1709 vinea,

220 1753 283 1815 qua
308 1734 375 1816 ipse
400 1736 517 1818 Mykus
540 1754 573 1796 se
598 1735 701 1817 ipsum
726 1734 852 1798 dicebat
882 1737 915 1797 in
948 1737 1040 1798 vines
1065 1756 1121 1798 sua
1153 1736 1368 1818 participasse,
1393 1736 1478 1797 iuxta

216 1839 325 1901 vineas
349 1840 476 1902 Martini
502 1853 536 1902 ut
559 1839 675 1902 dicitur
699 1839 755 1902 lilii
781 1842 910 1903 Kemini
935 1842 1099 1919 existente,
1131 1841 1236 1903 nullas
1260 1842 1390 1903 haberet
1413 1860 1472 1903 nec

222 1945 383 2008 habuisset
407 1946 537 2024 litteras,
561 1966 619 2009 uec
643 1947 813 2011 sciretubi
838 1947 905 2029 ipse
921 1948 1024 2010 littere
1048 1960 1160 2009 essent.

320 2071 398 2133 ltem
432 2069 633 2154 Sanchlynus
664 2085 773 2133 contra
805 2071 883 2133 Wllr
915 2071 1206 2134 molendinatorem
1230 2071 1335 2154 primo
1364 2071 1478 2133 citatus

215 2195 280 2238 uon
305 2176 493 2258 comparuit.

321 2282 397 2344 ltem
422 2301 502 2344 uxor
526 2287 634 2365 Arney
658 2296 689 2346 et
712 2281 777 2344 filia
805 2302 861 2345 sua
894 2299 1003 2345 contra
1035 2283 1134 2346 filiam
1158 2283 1268 2365 Krupe
1292 2297 1323 2345 et
1347 2286 1477 2344 Annam

214 2386 356 2449 secundo
381 2388 473 2449 citate
498 2407 563 2450 non
588 2402 846 2470 comparuerunt.

319 2493 398 2556 ltem
419 2508 534 2556 octavo
558 2494 611 2556 die
635 2494 711 2556 luan
736 2493 821 2557 filius
844 2495 953 2557 lureni
985 2510 1095 2559 contra
1127 2496 1280 2557 Zitsrium
1304 2514 1337 2556 se
1361 2493 1476 2556 tercius

215 2597 318 2679 jurare
343 2599 447 2663 debet.

318 2706 396 2768 Item
436 2705 636 2788 Margareths
671 2707 814 2769 servitrix
850 2707 979 2769 Radech
1018 2708 1191 2770 sacerdotis
1222 2720 1332 2769 contra
1368 2706 1476 2769 Petres

213 2811 317 2893 primo
346 2812 439 2874 citata
462 2831 527 2874 non
552 2813 741 2894 comparuit.

317 2935 396 2997 ltem
420 2955 522 3017 usque
546 2936 730 3018 quindecim
763 2937 832 2998 dies
864 2937 1000 2999 Michael
1031 2937 1134 3000 Saffar
1164 2949 1291 2999 tenetur
1321 2936 1396 2998 dare
1427 2956 1474 2998 re·

211 3040 285 3103 licte
309 3042 437 3103 Brateni
463 3061 563 3103 unum
588 3042 743 3104 eubulum
767 3041 929 3105 lrumenti.

318 3146 397 3209 ltem
422 3146 561 3210 Bedicha
579 3161 693 3210 octavo
711 3148 762 3209 die
787 3161 895 3210 contra
913 3146 1104 3210 Michaelem
1121 3162 1187 3211 met
1202 3146 1362 3210 secundus
1379 3167 1474 3230 super

212 3252 339 3314 duobus
362 3251 432 3316 flor.
457 3252 560 3333 jurare
585 3252 689 3316 debet.

317 3359 395 3420 ltem
419 3358 529 3421 relicta
554 3359 632 3421 Suilr
657 3374 767 3422 contra
791 3359 930 3421 eundem
955 3360 1059 3442 primo
1083 3360 1177 3421 citata
1202 3378 1266 3420 non
1284 3358 1473 3440 comparuit,

214 3477 245 3525 et
269 3464 399 3547 Endrey
424 3465 499 3526 Ksel
524 3465 670 3526 similiter
693 3465 798 3547 primo
822 3485 888 3527 non
913 3465 1103 3547 comparuit.

316 3589 393 3650 ltem
419 3609 513 3651 causa
538 3609 601 3670 que
625 3589 758 3652 vertitur
789 3590 870 3651 inter
894 3588 1084 3650 Michaelem
1109 3589 1214 3650 Vener
1238 3600 1269 3649 et
1292 3588 1470 3650 Iohannem

212 3692 313 3755 lilium
342 3694 509 3755 Laurencii
534 3694 574 3755 ad
598 3707 671 3756 octo
696 3694 764 3757 dies
787 3694 826 3755 ad
851 3714 962 3776 pacem
988 3709 1034 3756 est
1057 3708 1237 3776 prorogata.

316 3800 394 3861 ltem
427 3800 537 3862 Petrus
570 3799 755 3883 Oplzauech
788 3814 897 3862 contra
930 3801 1006 3862 luan
1039 3800 1156 3863 Cemer
1187 3799 1328 3862 secundo
1359 3799 1473 3861 citatus

210 3925 273 3968 non
299 3906 488 3989 comparuit.

341 4140 438 4215 lerla
466 4145 571 4216 tercla
600 4147 755 4233 proxima
782 4151 859 4233 post
887 4144 1086 4215 dominicam
1114 4143 1347 4216 Remlnlscere.

737 4296 799 4372 (19.
829 4296 949 4358 martii).

314 4453 422 4515 Primo
447 4473 542 4515 causa
567 4473 630 4536 que
655 4453 785 4514 vertitur
808 4453 890 4514 inter
918 4453 1023 4514 Eliam
1055 4473 1189 4535 parvum
1214 4467 1244 4515 et
1268 4452 1376 4514 Rados
1400 4472 1470 4533 pre·

210 4571 296 4619 textu
320 4558 419 4640 gladii
444 4559 609 4620 cuiusdam
634 4559 674 4620 ad
699 4573 772 4621 octo
796 4558 865 4620 dies
889 4572 935 4621 est
959 4573 1139 4640 prorogata.

319 4681 397 4743 ltem
428 4702 521 4743 causa
553 4702 616 4764 que
647 4683 779 4744 vertitur
811 4681 892 4742 inter
923 4682 1058 4742 luanum
1083 4681 1186 4763 Galga
1218 4695 1249 4743 et
1273 4680 1469 4742 Domianum

209 4798 349 4848 sutorem
374 4787 415 4849 ad
438 4800 511 4850 octo
535 4787 603 4850 dies
626 4790 685 4850 sub
710 4786 812 4850 forma
836 4787 923 4870 pacis
947 4800 993 4850 est
1016 4801 1197 4870 prorogata.
