3488 5250
295 355 357 418 292
697 341 785 398 Anno
807 335 899 416 1363.
923 373 967 382 -
989 335 1043 398 28.
1059 341 1143 415 julii.

401 549 479 612 Item
504 568 604 631 usque
628 548 807 631 quindenas
838 549 1022 611 Anthonius
1045 549 1182 610 Vidouis
1212 563 1340 611 tenetur
1361 549 1485 612 solvere
1509 519 1559 612 ser

296 655 431 738 Maryuo
456 654 557 737 Gorgi
580 654 669 715 XXII
693 654 763 716 flor.
787 655 874 731 auri;
906 655 983 716 item
1007 670 1135 717 centum
1160 655 1310 717 denarios
1335 655 1453 719 eidem.

400 761 478 823 Item
503 761 654 822 dominus
686 761 813 823 Mikech
844 761 1021 840 Francisci,
1045 760 1186 826 Cusaech
1218 760 1389 841 aurifaber,
1421 762 1559 823 lancech

295 865 454 928 aurifaber
478 880 509 928 et
533 867 644 927 Mareu
669 866 826 928 Cuzmich
853 879 948 929 testes
978 886 1034 948 per
1058 866 1187 928 Petrum
1211 880 1378 945 sartorem,
1403 867 1560 929 Iacobum

296 972 455 1034 Kuzmich
479 987 509 1034 et
525 971 697 1034 Crisanum
722 984 831 1035 contra
849 971 974 1036 Malech
991 970 1162 1054 pellificem
1179 971 1330 1055 producti
1354 973 1460 1034 taliter
1476 986 1560 1036 retu-

295 1077 400 1139 lerunt
423 1076 634 1155 testificando,
658 1078 746 1159 quod
770 1076 923 1139 scilicidia
954 1077 1125 1139 domorum
1149 1097 1206 1139 seu
1230 1078 1389 1140 cunarum
1415 1078 1559 1161 ipsorum

296 1183 392 1262 Petri,
417 1183 526 1244 Jacobi
560 1197 591 1244 et
622 1183 748 1246 Crisani
782 1184 933 1244 continue
964 1182 1149 1245 habuissent
1181 1202 1308 1245 cursum
1341 1203 1399 1266 per
1422 1181 1559 1245 fundum

296 1289 383 1350 curie
408 1288 507 1370 ipsius
532 1289 657 1351 Malech
682 1288 782 1351 veluti
805 1286 959 1350 fossatum
988 1307 1045 1371 per
1068 1289 1202 1370 longum
1229 1308 1330 1370 usque
1362 1289 1447 1350 viam
1472 1307 1560 1350 com·

296 1414 451 1470 munem;
475 1394 648 1476 appellavit
664 1393 790 1456 Malech
804 1393 844 1454 ad
861 1394 1058 1476 presenciam
1074 1393 1216 1475 judicum
1233 1393 1440 1475 antiquorum
1459 1412 1560 1475 usque

297 1515 447 1563 octavum
472 1500 568 1564 diem.

403 1606 480 1669 Item
505 1606 634 1669 Cussilo
658 1621 747 1670 sutor
770 1606 875 1688 primo
900 1607 1013 1668 citatus
1036 1621 1145 1668 contra
1169 1605 1253 1668 filios
1276 1606 1357 1668 Iuhe
1381 1625 1446 1668 nou
1471 1626 1559 1669 com·

295 1712 414 1793 paruit.

404 1817 481 1880 Item
505 1818 617 1880 Petrus
641 1818 863 1900 Krapcheuich
888 1818 994 1901 primo
1018 1818 1130 1879 citatus
1153 1832 1263 1880 contra
1288 1819 1458 1880 Nicolaum
1486 1818 1560 1880 Zre-

296 1924 448 1986 bernicha
471 1944 537 1986 uon
565 1924 753 2006 comparuit.

404 2030 481 2091 Item
506 2049 599 2091 causa
623 2031 792 2092 Mortonos
815 2043 846 2093 et
870 2029 984 2091 Briccii
1014 2043 1124 2091 contra
1148 2028 1377 2092 dubichensem
1403 2028 1559 2091 archidia-

296 2155 414 2198 conum
440 2137 480 2197 ad
505 2150 577 2198 octo
603 2136 670 2197 dies
694 2150 740 2197 est
762 2136 802 2196 ad
826 2155 938 2219 pacem
962 2149 1143 2218 prorogata.

402 2241 481 2303 Item
498 2243 573 2323 quia
591 2241 736 2304 Thomas
752 2261 887 2321 maguus
911 2260 968 2324 per
984 2240 1119 2302 Paulum
1143 2254 1283 2302 sutorem
1301 2254 1332 2301 et
1348 2240 1560 2303 Benedictum

297 2346 395 2410 Pruin
420 2348 452 2408 id
470 2348 693 2430 comprobavit
712 2362 821 2409 contra
839 2345 1038 2408 Lulrachium
1053 2345 1264 2424 Bremeunalr‚
1281 2365 1340 2429 pro
1357 2365 1423 2428 quo
1447 2345 1560 2408 fideiu-

298 2456 367 2516 buit
391 2454 552 2516 Iohannes
578 2452 801 2534 stIpendarius,
825 2465 860 2513 ut
877 2471 951 2514 eum
972 2450 1099 2531 fixisset,
1120 2452 1194 2513 ideo
1218 2471 1310 2513 causa
1334 2470 1437 2533 usque
1465 2453 1560 2533 quio-

297 2560 400 2621 denas
417 2574 463 2621 est
478 2572 648 2641 prorogata
665 2559 691 2619 si
707 2577 780 2619 reus
796 2557 856 2618 sibi
873 2557 1015 2619 inveniet
1032 2558 1242 2633 voluntatem,
1260 2557 1338 2619 alias
1355 2557 1478 2619 iusticia
1495 2556 1560 2619 fiet.

403 2668 480 2728 Item
505 2685 599 2727 causa
615 2665 758 2747 magistri
783 2663 992 2745 lapicidarum
1010 2677 1041 2725 et
1065 2663 1185 2724 Trosth
1208 2683 1264 2745 per
1281 2663 1450 2726 Nicolaum
1468 2682 1560 2745 orga-

298 2774 415 2835 nistam
441 2786 472 2834 et
496 2772 669 2832 Krauturm
694 2784 741 2831 est
764 2769 803 2831 ad
827 2783 901 2831 octo
929 2769 997 2832 dies
1020 2769 1060 2830 ad
1085 2788 1196 2851 pacem
1219 2782 1400 2852 prorogata.

404 2877 481 2939 Item
506 2877 637 2959 quidam
662 2874 751 2937 Iaber
774 2888 883 2937 contra
905 2876 995 2937 Bank
1020 2874 1218 2936 sacerdotem
1242 2876 1348 2957 primo
1365 2875 1478 2937 citatus
1494 2893 1561 2936 nou

297 2984 486 3066 comparuit.

405 3089 482 3150 Item
500 3089 698 3170 Dragozlaus
711 3088 850 3150 decanus
862 3100 971 3150 contra
985 3087 1031 3150 St.
1045 3087 1149 3168 prImo
1166 3087 1279 3148 citatus
1291 3106 1357 3148 non
1370 3088 1561 3171 comparuit.

407 3196 483 3256 Item
508 3195 617 3256 relicta
642 3194 718 3255 Iuau
742 3207 851 3255 contra
877 3193 922 3255 St.
947 3191 1116 3274 pellificem
1140 3192 1245 3275 prImo
1274 3193 1366 3254 citata
1390 3212 1456 3254 non
1473 3212 1562 3255 com·

297 3303 411 3386 paruit.

405 3407 483 3468 Item
508 3406 553 3468 St.
578 3406 697 3467 Zauala
721 3406 825 3487 primo
843 3406 955 3467 citatus
980 3421 1090 3468 contra
1113 3405 1292 3467 Iohannem
1316 3406 1470 3487 Neterger
1494 3424 1560 3468 uon

299 3513 489 3595 comparuit.

404 3619 482 3680 Item
505 3619 657 3680 Nicolaus
681 3617 892 3679 Zrebernicha
912 3631 1022 3679 contra
1039 3617 1202 3679 Thomam
1227 3617 1332 3700 primo
1364 3617 1478 3680 citatus
1493 3636 1560 3679 non

298 3724 488 3808 comparuit.
698 3734 700 3739 '

405 3830 482 3891 Item
501 3829 545 3891 St.
563 3842 670 3890 contra
686 3828 876 3890 MIchaeIem
893 3827 1019 3891 fabrum
1036 3828 1141 3910 primo
1157 3828 1271 3890 citatus
1288 3847 1352 3889 non
1370 3828 1560 3909 comparuit.

404 3935 481 3996 Item
508 3935 616 3995 Marco
646 3948 755 3995 contra
788 3933 951 3995 Trucham
976 3933 1017 3994 ad
1048 3947 1121 3995 octo
1145 3933 1213 3994 dies
1245 3933 1363 4015 recepit
1385 3933 1561 3996 termiuum

299 4042 339 4102 ad
363 4039 635 4123 respondendum.

404 4147 481 4208 Item
507 4145 637 4206 Kokoth
653 4159 762 4206 contra
780 4145 994 4227 Dampianum
1012 4145 1053 4207 ad
1077 4158 1150 4207 octo
1166 4144 1234 4205 dies
1251 4144 1371 4225 recepit
1385 4142 1561 4206 termInum

298 4252 339 4313 ad
363 4250 634 4334 respondendum.
833 4235 837 4241 ’

405 4357 483 4420 Item
500 4355 628 4419 Cussilo
646 4357 774 4440 Lucych
792 4370 901 4417 contra
918 4357 1008 4417 Marlr
1025 4356 1130 4437 primo
1150 4355 1263 4416 citatus
1286 4372 1352 4415 non
1368 4353 1561 4436 comparuit.
1620 4357 1625 4365 '

405 4463 482 4524 Item
513 4461 651 4523 Michael
683 4460 772 4523 faber
805 4475 836 4523 et
870 4461 973 4522 Draxa
1009 4474 1117 4523 contra
1148 4480 1198 4522 ser
1233 4461 1404 4543 Marynum
1438 4457 1562 4543 Georgi

298 4569 404 4650 primo
428 4568 513 4628 citati
538 4587 602 4629 non
627 4580 885 4649 comparuerunt.

405 4672 482 4734 Item
507 4674 624 4756 Mykus
645 4687 754 4735 contra
778 4672 939 4755 quandam
964 4672 1106 4755 puellam
1129 4671 1235 4755 prImo
1251 4670 1365 4733 citatus
1387 4689 1454 4732 uon
1471 4688 1561 4733 com·

297 4790 415 4861 paruit.
