3488 5250
352 530 428 590 Item
451 528 603 590 Nicolaus
627 525 786 589 aurifaber
811 538 918 586 contra
937 524 1113 604 Georgium
1138 525 1176 585 ad
1202 537 1276 585 octo
1301 522 1368 584 dies
1391 524 1510 604 recepit

247 636 420 696 terminum
446 634 485 696 ad
511 632 783 715 respondendum.

352 741 429 802 Item
455 758 636 819 causaque
664 739 795 799 vertitur
827 736 1108 798 inter-dommum
1133 735 1176 796 M.
1208 733 1309 795 filium
1342 733 1455 795 Hench
1480 747 1511 795 et

249 848 383 909 Paulum
409 846 448 907 ad
473 860 546 907 octo
571 845 638 905 dies
661 844 701 904 ad
727 863 837 926 pacem
862 856 907 903 est
931 855 1110 923 prorogata.

354 954 430 1014 Item
455 953 608 1013 Nicolaus
631 949 791 1011 aurifaber
815 961 923 1010 contra
948 947 1126 1009 Francham
1154 946 1296 1007 secundo
1314 947 1426 1007 citatus
1443 966 1508 1008 non

246 1059 435 1141 comparuit.

351 1165 428 1226 Item
453 1163 524 1224 Elia
541 1161 625 1224 filius
641 1161 786 1223 Absurch
804 1174 912 1223 contra
930 1161 975 1222 St.
993 1162 1097 1244 primo
1114 1163 1226 1223 citatus
1239 1181 1304 1223 non
1318 1160 1508 1241 comparuit.

354 1271 431 1332 Item
456 1267 615 1348 Georgius
639 1281 748 1329 contra
765 1269 805 1329 N.
830 1267 959 1328 Kordek
976 1268 1081 1348 primo
1105 1268 1218 1329 citatus
1236 1288 1300 1329 non
1318 1265 1507 1347 comparuit.

353 1376 428 1437 Item
454 1375 562 1436 Petres
586 1372 724 1434 carnifex
750 1374 824 1434 bina
848 1373 917 1434 vice
942 1373 1054 1434 citatus
1079 1393 1143 1434 non
1168 1373 1357 1455 comparuit.

353 1482 429 1543 Item
454 1500 548 1542 causa
574 1500 637 1561 que
668 1481 800 1542 vertitur
824 1480 905 1540 inter
937 1479 1073 1540 Paulum
1105 1480 1260 1561 pictorem
1290 1493 1320 1540 et
1344 1477 1506 1539 Thomam

247 1602 397 1651 sartorem
424 1589 463 1649 ad
488 1602 561 1649 octo
586 1587 653 1648 dies
676 1586 717 1648 ad
741 1605 851 1668 pacem
877 1599 922 1647 est
946 1599 1125 1668 prorogata.

353 1695 430 1755 Item
455 1713 547 1755 causa
582 1713 644 1773 que
667 1692 800 1754 vertitur
823 1692 905 1753 Inter
928 1692 955 1752 J.
981 1690 1088 1752 Ordos
1112 1704 1142 1752 et
1166 1692 1205 1753 N.
1230 1691 1347 1753 ruffum
1371 1690 1411 1752 ad
1435 1703 1508 1752 octo

247 1800 316 1862 dies
340 1801 379 1861 ad
405 1820 514 1882 pacem
540 1813 587 1861 est
610 1812 788 1881 prorogata.

351 1906 429 1967 Item
454 1906 598 1967 Andreas
623 1919 731 1967 contra
749 1906 787 1968 N.
813 1904 853 1966 de
878 1906 978 1966 Ianua
1003 1918 1118 1966 octavo
1145 1904 1197 1965 die
1222 1903 1436 1984 juramentum
1453 1902 1507 1963 de·

246 2032 366 2095 ponere
388 2025 524 2074 tenetur.

351 2119 427 2179 Item
452 2117 556 2178 Vidak
581 2129 691 2177 contra
715 2116 851 2177 Paulum
876 2115 916 2176 ad
939 2129 1012 2177 octo
1036 2115 1104 2176 dies
1129 2116 1247 2197 recepit
1269 2114 1442 2177 terminum
1466 2113 1507 2174 ad

247 2223 517 2304 respondendum.

352 2329 428 2391 Item
453 2329 569 2389 Domia
594 2342 702 2389 contra
729 2328 857 2410 Mathey
881 2329 985 2410 prImo
1011 2329 1104 2390 citata
1129 2348 1193 2389 non
1218 2327 1406 2409 comparuit.

351 2435 426 2496 Item
438 2434 573 2496 Michael
587 2435 714 2496 lectoris
725 2448 833 2496 contra
847 2435 950 2495 lusam
960 2435 1102 2496 secundo
1111 2435 1224 2496 citatus
1237 2453 1302 2496 non
1316 2431 1503 2514 comparuit.

349 2650 446 2724 Feria
475 2657 582 2725 tercia
610 2657 764 2764 proxima
792 2657 826 2725 in
853 2655 971 2743 vigilia
999 2653 1152 2726 Omnium
1180 2664 1385 2726 sanctorum.

761 2812 824 2884 (31.
849 2809 988 2872 octobris).

350 2967 458 3028 Primo
484 2966 635 3028 Nicolaus
659 2965 798 3028 carnifex
822 2981 930 3028 contra
954 2966 1128 3047 quemdam
1152 2967 1304 3027 rusticum
1328 2964 1369 3025 ad
1393 2963 1505 3025 feriam

244 3086 364 3135 sextam
389 3072 507 3154 recepit
530 3074 702 3134 termInum
728 3072 767 3134 ad
792 3073 1063 3154 respondendum.

350 3178 428 3240 Item
453 3178 684 3241 Kuscarnifex
713 3194 839 3241 tenetur
869 3179 994 3240 solvere
1026 3178 1154 3240 cuidam
1179 3179 1218 3239 N.
1243 3177 1281 3238 III
1313 3196 1428 3258 pensas
1452 3175 1505 3237 de-

245 3285 407 3346 nariorum
432 3305 533 3367 usque
554 3286 612 3346 XV
637 3286 713 3348 dies.

352 3392 429 3452 Item
455 3405 500 3453 est
525 3392 713 3470 notandum,
739 3391 825 3472 quod
851 3391 983 3472 quidam
1008 3411 1097 3473 puer,
1123 3389 1336 3451 Hadmaricus
1361 3388 1503 3466 nomme,

245 3496 409 3575 quondam
433 3499 567 3559 servitor
591 3498 714 3559 domiui
740 3498 838 3558 Marci
858 3497 914 3559 filii
941 3498 1069 3574 DonatI‚
1105 3496 1160 3577 qui
1185 3495 1434 3577 comprehensus
1458 3506 1505 3555 est

246 3602 276 3662 in
303 3602 387 3664 furto
412 3604 545 3665 domino
573 3623 631 3664 suo
655 3616 888 3684 perpetrato‚a
920 3603 1075 3684 presentis
1107 3601 1214 3678 judicii
1240 3601 1290 3661 die
1323 3620 1379 3682 per
1403 3619 1502 3661 unum

244 3728 364 3770 annum
390 3710 548 3790 Integrum
574 3710 734 3771 civitatem
759 3709 873 3770 intrare
898 3729 962 3769 non
981 3708 1106 3786 audeat,
1131 3708 1186 3788 qui
1211 3707 1236 3767 si
1261 3706 1433 3784 intraverit,
1451 3725 1502 3767 ex-

244 3828 318 3876 tunc
343 3835 434 3876 aures
458 3817 527 3877 eius
550 3817 642 3876 ambe
671 3815 868 3877 decidantur.

351 3923 427 3983 Item
447 3922 564 3983 Paulus
581 3936 668 3984 sutor
685 3937 799 3983 octavo
816 3922 867 3982 die
892 3921 1103 3983 duodecimus
1120 3934 1183 3981 met
1208 3933 1316 3981 contra
1334 3920 1502 3980 dominum

244 4028 387 4088 Marcum
411 4027 513 4089 filium
538 4029 654 4089 Donati
679 4042 910 4089 sacramentum
936 4041 1073 4108 prestare
1097 4040 1233 4088 tenetur.

349 4133 425 4195 Item
450 4149 563 4194 octavo
588 4135 638 4195 die
665 4135 771 4195 Paulis
795 4150 902 4195 contra
928 4134 1096 4194 dominum
1111 4134 1154 4193 M.
1179 4132 1279 4193 filium
1306 4131 1419 4193 Hench
1437 4146 1502 4193 met

244 4239 360 4299 tercius
384 4260 478 4320 super
502 4259 567 4300 uno
591 4260 675 4320 equo
699 4255 931 4301 sacramentum
956 4254 1095 4320 prestare
1118 4252 1253 4300 tenetur.

348 4347 424 4407 Item
451 4346 563 4407 eodem
588 4346 639 4407 die
663 4346 749 4406 idern
774 4346 925 4407 dominus
942 4361 1051 4406 contra
1075 4346 1180 4426 ipsum
1199 4343 1305 4404 Paulis
1329 4363 1385 4423 per
1403 4343 1501 4404 Lach-

243 4453 359 4512 konem
386 4466 416 4513 et
440 4452 568 4513 Kusech
588 4471 682 4533 super
707 4471 808 4512 unum
826 4452 1018 4533 vituperium
1045 4465 1075 4511 et
1098 4471 1154 4532 per
1178 4450 1313 4510 Paulum
1329 4467 1501 4529 preconem

242 4577 336 4639 super
360 4557 446 4618 aliud
471 4557 666 4639 vituperium
690 4558 910 4618 testimonium
934 4558 1110 4638 producere
1133 4568 1269 4617 tenetur.

348 4664 424 4724 Item
449 4682 542 4724 causa
567 4682 629 4743 que
654 4663 786 4723 vertitur
811 4663 893 4724 inter
910 4663 948 4724 N.
974 4677 1003 4721 et
1023 4662 1055 4724 F.
1081 4661 1121 4722 ad
1146 4680 1257 4742 pacem
1281 4660 1321 4721 ad
1344 4674 1417 4722 octo
1434 4661 1502 4722 dIes

242 4784 288 4831 est
310 4783 491 4852 prorogata.
