3488 5250
662 349 749 405 Anno
773 361 859 423 [357.
887 382 924 390 -
950 363 982 422 9.
1007 351 1087 408 annii.
1474 348 1515 429 89

357 558 435 619 Item
460 559 586 618 Marcus
610 570 720 617 contra
744 558 858 637 Artuig
883 557 1025 618 secundo
1055 558 1168 618 citatus
1192 577 1256 618 non
1282 557 1471 637 comparuit.

357 664 435 725 Item
458 662 543 724 filius
560 663 688 724 Thome
706 663 745 722 de
770 663 898 744 Bydrag
916 678 1025 725 contra
1045 663 1180 724 Paulum
1198 665 1349 745 pistorem
1374 665 1515 725 secundo

256 771 368 831 citatus
389 789 454 830 non
479 768 667 849 comparuit.

357 876 435 936 Item
461 894 640 954 causaque
674 874 803 935 vertitur
836 875 919 935 inter
948 874 1131 953 Diagonam
1164 888 1306 935 sutorem
1331 887 1361 934 et
1385 875 1424 934 N.
1450 893 1516 934 car-

251 980 378 1042 nificem
403 980 442 1040 ad
468 978 578 1040 feriam
604 993 723 1040 sextam
748 993 794 1040 est
818 978 857 1039 ad
882 998 994 1058 pacem
1018 992 1198 1059 prorogata.

358 1087 433 1147 Item
461 1086 643 1146 Anthonius
667 1085 805 1149 condam
830 1085 925 1146 iudex
959 1099 1047 1145 sexto
1074 1105 1107 1144 se
1140 1085 1262 1145 ciribus
1288 1084 1319 1144 in
1344 1084 1517 1165 quindenis

254 1193 408 1275 presentis
432 1191 542 1271 judicii
567 1191 694 1251 racione
720 1191 887 1251 cuiusdam
920 1190 984 1250 vini
1010 1189 1190 1269 juramento
1222 1190 1384 1251 mediante
1408 1210 1440 1251 se
1465 1211 1517 1253 ex-

251 1316 386 1378 purgare
410 1296 579 1357 tenebitur.

357 1403 434 1463 Item
448 1401 556 1462 relicta
570 1401 680 1462 iacobi
696 1413 805 1460 contra
816 1398 1010 1480 Gregorium
1023 1401 1128 1482 primo
1142 1402 1234 1461 citata
1248 1421 1312 1462 non
1329 1403 1517 1483 comparuit.

360 1508 437 1568 Item
472 1505 663 1567 Lourandus
694 1518 804 1566 contra
838 1505 1015 1566 Martinkus
1046 1506 1086 1567 ad
1118 1521 1190 1568 octo
1215 1507 1283 1568 dies
1314 1509 1434 1589 recepit
1456 1522 1517 1569 ter-

251 1612 376 1672 minum
401 1611 440 1672 ad
466 1610 736 1693 respondendum.

357 1718 435 1778 Item
469 1735 564 1777 causa
596 1736 658 1797 que
692 1717 823 1777 vertitur
854 1717 935 1776 inter
968 1717 1048 1777 Zore
1082 1732 1112 1779 et
1144 1718 1311 1779 Marenum
1337 1719 1432 1780 ZoIar
1459 1721 1517 1781 sub

253 1822 338 1902 pacis
362 1821 464 1883 forma
488 1821 528 1882 ad
553 1835 626 1882 octo
651 1821 719 1881 dies
743 1835 789 1882 est
813 1835 993 1903 prorogata.

362 1928 438 1988 Item
465 1928 571 1988 Petres
603 1926 741 1987 carnifex
774 1941 882 1988 contra
907 1928 1093 1988 Drussinam
1125 1928 1165 1988 ad
1197 1943 1269 1990 octo
1301 1929 1369 1990 dies
1400 1931 1519 2012 recepit

255 2035 427 2095 termInum
452 2034 491 2095 ad
517 2033 788 2114 respondendum.
1082 2032 1085 2039 '

360 2141 436 2200 Item
461 2139 592 2200 domina
619 2139 716 2199 Lucia
742 2138 849 2199 relicta
876 2137 1006 2202 Gianini
1031 2138 1087 2199 filii
1112 2139 1242 2216 Donati,
1267 2154 1381 2201 octavo
1405 2141 1457 2201 die
1485 2160 1517 2201 se

254 2244 391 2306 secunda
406 2246 549 2325 personis
566 2245 781 2322 dominarum,
799 2259 908 2306 contra
926 2245 1068 2306 relictam
1086 2243 1228 2324 Gianini‚
1246 2246 1321 2307 dicti
1338 2246 1518 2327 Paganoch‚

255 2351 286 2410 in
312 2350 394 2411 Iacto
419 2370 589 2432 pensarum
614 2352 685 2411 XVI
711 2350 926 2430 juramentum
952 2350 1114 2432 deponere
1137 2366 1273 2412 tenetur.

360 2457 436 2517 Item
461 2476 552 2517 cansa
578 2476 640 2537 que
667 2456 799 2516 vertitur
823 2456 905 2517 inter
929 2455 1065 2516 Paulum
1097 2471 1128 2518 et
1159 2458 1338 2519 Iohannem
1364 2458 1517 2537 Neterger

254 2563 293 2623 ad
318 2562 591 2644 composicionem
616 2562 655 2622 ad
680 2576 753 2623 octo
777 2561 845 2621 dies
869 2575 915 2622 est
939 2576 1118 2643 prorogata.

360 2668 437 2728 Item
457 2667 581 2727 Blasius
605 2681 714 2728 contra
734 2667 941 2728 Lourandum
966 2667 1005 2726 ad
1024 2681 1096 2728 octo
1120 2668 1189 2729 dIes
1205 2669 1324 2750 recepit
1346 2669 1518 2730 terminum

255 2773 295 2834 ad
320 2773 594 2855 respondendum.

361 2879 437 2940 Item
475 2880 573 2939 Iunas
608 2893 717 2940 contra
754 2878 932 2939 Johannem
975 2897 1128 2941 sartorem
1164 2880 1269 2961 prImo
1305 2881 1418 2941 citatus
1452 2900 1517 2942 non

256 2986 444 3065 comparuit.

360 3091 438 3150 Item
464 3090 589 3150 Marcus
607 3088 763 3150 Boniolus
780 3104 888 3150 contra
913 3110 1004 3151 suam
1021 3089 1233 3150 concubinam
1248 3109 1313 3150 non
1328 3091 1516 3171 comparuit.

362 3196 439 3256 Item
475 3194 631 3255 MartInus
664 3195 832 3277 Wlkouoy
867 3196 941 3257 licet
973 3210 1081 3256 contra
1115 3194 1291 3255 Franchatn
1324 3197 1355 3255 in
1380 3196 1518 3276 presenti

260 3301 379 3382 jndicio
405 3320 588 3382 comparere
607 3314 637 3361 et
653 3301 847 3382 respondere
864 3302 1035 3378 debuisset,
1048 3316 1155 3363 tamen
1170 3321 1235 3362 non
1249 3302 1336 3362 venit
1351 3321 1409 3360 nec
1423 3302 1518 3364 misit.

360 3408 437 3467 Item
463 3421 576 3467 octavo
601 3406 652 3466 die
678 3407 754 3468 Iuan
772 3427 828 3489 per
853 3407 1071 3469 Ladimerium
1096 3421 1126 3468 et
1150 3406 1286 3467 Paulum
1311 3421 1420 3467 contra
1449 3407 1515 3467 Ma·

255 3532 367 3573 renum
391 3512 612 3573 testimonium
638 3512 814 3593 producere
838 3526 973 3576 tenetur.

361 3619 437 3679 Item
463 3632 577 3679 octavo
602 3618 653 3678 die
687 3620 797 3680 Maren
828 3633 937 3680 contra
970 3619 1074 3699 ipsum
1103 3618 1179 3678 Iuan
1210 3638 1242 3678 se
1268 3617 1409 3679 secundo
1434 3616 1517 3697 jura-

258 3737 403 3785 mentum
426 3725 588 3806 deponere
612 3739 747 3788 tenetur.

362 3831 439 3890 Item
462 3850 563 3911 usque
598 3845 747 3891 octavum
784 3830 869 3891 diem
898 3831 1008 3891 Petrus
1035 3829 1120 3890 Iilius
1144 3831 1262 3890 Donati
1294 3830 1390 3890 debet
1414 3827 1517 3889 facere

256 3934 295 3995 de
320 3934 504 3997 hominibus
535 3937 601 3996 suis
631 3936 788 3997 iusticiam
809 3936 947 3996 Iohanni
980 3937 1144 4016 iobagioni
1177 3936 1311 4017 Reanz‚
1343 3949 1373 3995 et
1397 3935 1421 3995 si
1449 3954 1513 3995 non

257 4039 375 4119 fecerit,
398 4056 473 4102 tunc
497 4044 536 4103 ab
562 4043 630 4123 ipso
655 4042 707 4102 die
728 4057 841 4102 octavo
873 4042 978 4123 primo
1011 4042 1130 4102 Iudicio
1159 4055 1284 4102 tenetur
1309 4040 1513 4121 respondere.

361 4146 439 4207 Item
463 4162 577 4208 octavo
602 4147 652 4207 die
678 4147 839 4208 Iohannes
864 4146 973 4208 Ordus
1002 4160 1111 4207 contra
1136 4146 1244 4207 Petres
1265 4146 1444 4227 loripedem
1461 4144 1518 4225 (te-

259 4253 364 4335 netur)
389 4253 609 4313 testImonium
634 4253 811 4334 producere
835 4268 900 4313 tam
916 4272 1012 4334 snper
1036 4252 1209 4332 quamdam
1235 4252 1405 4332 pecuniam
1422 4270 1518 4331 quam

258 4379 351 4441 super
374 4359 548 4440 quamdam
574 4359 821 4439 Iapidacionem‚
847 4379 944 4439 quam
969 4358 1070 4418 voluit
1096 4357 1198 4418 Iacere
1223 4358 1254 4418 in
1280 4358 1430 4418 eundem.

362 4466 438 4525 Item
466 4466 538 4524 Kun
565 4478 674 4526 contra
699 4465 861 4526 Andream
887 4463 1012 4525 fabrum
1041 4464 1139 4524 tercio
1165 4464 1277 4524 citatus
1301 4483 1365 4524 non
1391 4483 1519 4544 compa·

259 4571 330 4647 ruit,
355 4584 386 4630 et
410 4571 476 4651 ipse
500 4569 645 4631 Andreas
669 4569 746 4631 feria
771 4585 858 4632 sexta
882 4569 1104 4631 testimonium
1128 4582 1237 4630 contra
1263 4568 1402 4630 eundem
1425 4589 1520 4651 super

259 4675 297 4735 III
322 4676 390 4738 flor.
415 4676 572 4757 producet
596 4695 652 4756 per
669 4675 859 4737 Michaelem
885 4674 1010 4736 fabrum
1036 4690 1066 4736 et
1092 4676 1259 4736 Mortonos
1283 4675 1475 4735 sellatorem.

363 4784 439 4843 Item
466 4784 577 4844 Marko
602 4796 711 4844 contra
743 4782 932 4862 Drugenum
968 4782 1071 4863 primo
1103 4782 1216 4843 citatus
1240 4800 1305 4842 non
1330 4781 1519 4862 comparuit.
