3488 5250
650 315 853 396 Ann01362.
879 353 920 363 -
945 335 993 380 10.
1011 323 1102 396 junii.
1450 340 1510 401 215

352 527 431 590 Item
456 546 550 590 causa
574 547 636 610 que
662 529 794 590 vertitur
810 529 891 591 inter
914 532 1030 592 Zoram
1055 545 1085 593 et
1103 531 1275 612 quemdam
1300 546 1455 595 sartorem
1472 533 1511 595 ad

247 648 321 697 octo
346 634 415 696 dies
439 647 486 696 est
508 646 688 717 prorogata.

354 740 436 803 ltem‘
457 740 576 803 Paulus
599 753 709 802 contra
734 741 894 823 Kyrinum
925 742 966 804 ad
998 756 1071 804 octo
1096 743 1164 805 dies
1195 745 1316 827 recepit
1338 745 1512 807 terminum

247 847 287 908 ad
312 847 585 930 respondendum.

324 1002 326 1006 ,
353 954 432 1016 ltem
456 965 570 1016 octavo
593 953 644 1015 die
664 954 790 1017 Marcus
814 967 923 1017 contra
941 956 1109 1018 Marenum
1127 956 1159 1017 in
1184 955 1268 1018 facto
1292 957 1387 1019 unius
1403 976 1512 1019 mense

247 1059 342 1122 debet
365 1059 571 1142 respondere.

350 1166 429 1229 ltem
439 1165 585 1228 Thomas
593 1164 733 1248 irenipar
742 1180 851 1229 contra
860 1167 997 1230 Jancech
1006 1169 1111 1248 primo
1119 1169 1231 1231 citatus
1240 1188 1305 1230 non
1319 1157 1509 1252 comparuit.

352 1273 431 1335 ltem
463 1287 577 1335 octavo
609 1273 661 1335 die
692 1273 845 1335 Nicolaus
877 1274 1098 1337 Kuroredicha
1129 1288 1254 1337 tenetur
1285 1274 1401 1338 referre
1432 1276 1510 1357 quid

245 1378 324 1441 sciet
347 1379 379 1441 in
404 1398 498 1441 causa
522 1378 690 1441 cuiusdam
713 1378 781 1441 fimi
806 1380 888 1442 inter
913 1380 1019 1442 Petres
1043 1395 1073 1443 et
1097 1382 1237 1444 Petrum.

352 1485 430 1547 ltem
456 1485 612 1548 Martinus
637 1499 746 1547 contra
772 1486 973 1548 Anthonium
989 1487 1095 1569 primo
1112 1488 1225 1550 citatus
1241 1507 1306 1549 non
1321 1488 1509 1560 comparuit.

351 1591 431 1654 ltem
456 1611 549 1653 causa
574 1611 637 1674 que
661 1592 795 1654 vertitur
818 1593 900 1655 inter
925 1593 969 1656 St.
995 1606 1027 1655 et
1043 1594 1120 1655 luan
1145 1594 1255 1656 estad
1280 1607 1354 1656 octo
1378 1593 1447 1656 dies
1470 1594 1510 1656 ad

246 1715 358 1780 pacem
381 1710 563 1780 prorogata.

352 1803 430 1865 ltem
456 1803 617 1885 Georgius
640 1804 735 1866 Zolar
759 1817 868 1866 contra
894 1805 970 1867 luan
999 1805 1038 1867 ad
1064 1819 1137 1867 octo
1169 1805 1237 1867 dies
1261 1806 1379 1886 recepit
1402 1806 1510 1868 termi-

247 1929 325 1971 num
349 1910 390 1971 ad
415 1909 686 1993 respondendum.

351 2016 430 2079 ltem
454 2015 585 2078 Kokoth
609 2031 717 2078 contra
741 2016 872 2078 viduam
896 2016 1001 2099 primo
1026 2017 1139 2079 citatus
1163 2037 1228 2078 non
1254 2018 1442 2101 comparuit.

350 2121 429 2183 Item
453 2135 568 2184 octavo
592 2121 644 2183 die
670 2123 827 2184 Martinus
851 2136 960 2184 contra
977 2123 1119 2185 Kussech
1139 2122 1234 2186 debet
1258 2123 1434 2206 producere
1452 2123 1510 2185 ho-

246 2227 406 2290 minema
432 2246 497 2309 quo
520 2227 632 2291 habuit
655 2228 804 2310 pulvinar
827 2228 981 2310 quodam.

351 2334 430 2395 ltem
455 2334 616 2396 Fabianus
640 2347 749 2396 contra
774 2334 938 2396 Donatum
963 2335 1067 2416 primo
1092 2336 1205 2397 citatus
1228 2355 1293 2397 non
1319 2335 1509 2417 comparuit.

350 2439 429 2501 ltern
453 2454 567 2502 octavo
592 2439 644 2502 die
668 2440 777 2503 Petras
802 2454 911 2503 contra
944 2440 1138 2523 Gregorium
1168 2462 1223 2524 per
1247 2441 1455 2503 Bartucbium
1480 2454 1510 2503 et

245 2545 382 2608 Jancech
406 2547 626 2609 testimonium
650 2566 746 2629 super
769 2548 934 2630 vituperiis
957 2548 1134 2631 producere
1158 2548 1263 2611 debet.

351 2653 429 2716 ltem
454 2653 600 2715 Thomas
624 2652 765 2736 frenipar
795 2668 904 2717 contra
936 2655 1135 2717 Demetrium
1168 2655 1273 2737 primo
1297 2654 1411 2717 citatus
1443 2674 1508 2717 non

245 2760 434 2842 comparuit.

350 2866 428 2927 ltem
453 2866 646 2928 Benedictus
669 2880 778 2928 contra
804 2866 938 2927 Paulum
963 2867 1068 2948 primo
1092 2867 1205 2943 citatus
1229 2886 1294 2930 non
1319 2867 1508 2949 comparuit.

348 2972 426 3034 Item
452 2973 556 3035 Draxe
588 2986 697 3035 contra
729 2972 901 3034 Nicolaum
935 2974 1129 3035 Januensem
1162 2973 1266 3056 primo
1296 2973 1409 3034 citatus
1440 2992 1506 3034 non

244 3080 431 3160 comparuit.

349 3185 428 3247 ltem
453 3185 604 3247 Vorticus
627 3200 736 3248 contra
760 3187 886 3249 Banum
915 3187 1021 3270 primo
1045 3185 1159 3247 citatus
1183 3205 1247 3247 non
1273 3185 1461 3267 comparuit.

351 3273 429 3353 ltem
453 3310 547 3353 causa
577 3311 639 3374 que
673 3294 806 3355 vertitur
837 3294 919 3356 inter
951 3293 1124 3354 Martinum
1156 3305 1187 3354 et
1218 3291 1376 3372 juniorem
1408 3288 1506 3352 filiam

246 3397 372 3460 Malech
395 3398 436 3461 ad
461 3412 534 3460 octo
558 3398 625 3460 dies
648 3413 695 3461 est
718 3399 759 3461 ad
782 3420 895 3483 pacem
919 3412 1099 3482 prorogata.

349 3504 426 3566 ltem
459 3519 573 3566 octavo
604 3505 656 3568 die
688 3506 800 3568 Banlro
831 3526 887 3588 per
919 3504 1074 3584 Jancech,
1107 3505 1237 3566 Petrum
1261 3517 1292 3565 et
1317 3503 1361 3565 St.
1387 3503 1506 3584 juratos

246 3624 356 3672 contra
380 3611 550 3673 Nicolaum
584 3612 702 3674 ruffum
738 3632 833 3694 super
863 3612 1049 3673 verberibus
1080 3610 1300 3672 testimonium
1331 3609 1507 3691 producere

243 3717 424 3800 assumpsit.

349 3823 427 3885 ltern
451 3824 563 3886 Kurko
595 3837 704 3888 contra
737 3825 909 3888 Nicolaum
942 3825 1134 3885 Januenaem
1167 3822 1271 3904 primo
1296 3821 1409 3883 citatus
1440 3838 1505 3881 non

243 3929 432 4012 comparuit.

348 4037 427 4099 ltem
452 4056 545 4099 causa
570 4037 678 4099 uxoris
703 4038 831 4100 Martini
856 4051 887 4100 et
919 4037 1086 4099 cuiusdam
1109 4056 1165 4097 sue
1197 4033 1368 4096 servitricis
1392 4046 1439 4094 est
1460 4045 1505 4094 ta·

242 4142 314 4204 liter
338 4142 486 4224 judicata,
511 4157 546 4206 ut
568 4144 636 4226 ipsa
661 4163 740 4205 uxor
765 4144 893 4206 Martini
918 4157 1032 4206 octavo
1056 4143 1108 4205 die
1132 4143 1191 4203 sub
1216 4141 1396 4224 juramento
1421 4139 1505 4201 dicet

243 4262 397 4330 quantum
435 4249 585 4332 expendit
627 4250 659 4311 in
692 4251 884 4312 execucione
916 4269 1010 4311 cause
1053 4249 1152 4332 ipsius
1184 4247 1365 4326 servitricis,
1397 4260 1427 4308 et
1461 4247 1506 4308 sic

243 4357 373 4438 prestito
398 4357 589 4438 juramento,
621 4357 689 4440 ipsa
712 4358 857 4420 servitrix
887 4371 942 4418 aut
973 4370 1076 4418 servet
1100 4357 1150 4417 vel
1180 4355 1294 4432 solvet,
1318 4368 1349 4417 et
1373 4353 1503 4416 tandem

243 4462 402 4525 viceversa
427 4462 543 4543 jurabit
567 4462 655 4545 quod
671 4462 839 4543 juvencam
860 4482 957 4524 unam
982 4482 1039 4545 pro
1068 4462 1203 4544 pecunia
1227 4480 1284 4522 sua
1307 4461 1444 4522 emisset.

348 4569 427 4631 ltem
453 4569 559 4631 Petras
583 4582 692 4631 contra
715 4568 894 4632 lohannem
919 4571 1023 4652 primo
1048 4570 1160 4631 citatus
1184 4587 1248 4629 non
1270 4567 1458 4649 comparuit.

348 4675 425 4737 ltem
463 4675 616 4738 Nicolaus
650 4689 759 4739 contra
792 4675 971 4738 lohannem
1007 4675 1250 4758 quintodecimo
1291 4672 1343 4735 die
1375 4672 1505 4735 debebit

242 4781 448 4866 respondere.
