3488 5250
586 345 674 401 Anno
699 355 788 420 1359.
813 377 856 386 —
880 358 928 404 12.
952 346 1121 405 novembris.
1421 366 1479 428 147

215 446 478 454 ———-——.

324 552 402 612 Item
426 553 510 613 lwan
535 551 674 614 Plauech
697 552 793 614 debet
815 554 950 635 probare
967 566 1081 614 octavo
1105 553 1157 614 die
1181 569 1290 616 contra
1315 555 1478 618 Thomam

217 656 381 735 clericum,
405 676 595 737 germanum
619 657 743 718 domini
763 657 926 719 Valentini
949 658 1132 738 sacerdotis,
1163 679 1236 720 cum
1261 660 1401 740 Mathek,
1426 663 1481 723 Ni·

218 761 311 823 colao
336 762 457 823 inclino
482 775 513 824 et
537 762 666 845 Endrey
683 783 778 845 super
799 761 882 824 lacto
900 763 1070 824 vulnerum
1087 778 1118 825 et
1135 764 1290 827 effusione
1306 768 1481 845 sanguinis.

325 886 403 947 Item
428 886 546 947 Paulus
569 885 658 947 faber
674 886 770 948 debet
794 887 929 969 probare
945 900 1055 948 contra
1080 888 1209 971 Endrey
1234 889 1392 952 decanum
1408 911 1481 954 cum

219 991 265 1054 St.
290 990 384 1053 fratre
411 991 573 1053 Lourandi
606 1005 636 1052 et
668 991 814 1054 Johanne
845 993 968 1054 Zobota
1000 1008 1113 1055 octavo
1146 994 1209 1073 die,
1233 1015 1341 1057 coram
1365 997 1483 1078 quibus

218 1097 286 1180 ipse
311 1097 441 1180 Endrey
464 1099 573 1159 retulit
596 1110 631 1158 ut
654 1098 777 1174 vinum,
801 1098 953 1160 videlicet
984 1099 1049 1160 duo
1082 1120 1155 1161 vasa
1180 1101 1317 1162 condam
1342 1103 1482 1184 Dragani

218 1202 312 1284 fubri,
335 1203 497 1265 lohannes
520 1202 605 1264 filius
627 1208 736 1286 Arney
759 1203 956 1266 detinuisset.

327 1327 405 1389 Item
431 1326 516 1388 idem
542 1326 659 1388 Paulus
684 1341 793 1388 contra
827 1326 1006 1388 iohannem
1037 1326 1140 1389 filium
1170 1331 1268 1392 Arnei
1293 1331 1345 1394 die
1370 1347 1484 1396 octavo

220 1430 316 1493 debet
339 1432 545 1514 respondere.

327 1556 403 1617 Item
428 1555 589 1637 Georgius
613 1555 769 1617 Ztaunich
794 1571 904 1617 contra
929 1555 1131 1618 Anthonium
1163 1572 1194 1619 et
1219 1559 1409 1621 Michaelem
1433 1580 1485 1622 su·

221 1674 325 1723 torem
351 1662 403 1723 die
435 1676 549 1723 octavo
577 1661 672 1723 debet
703 1663 839 1744 probare
871 1681 944 1722 cum
976 1661 1122 1723 Johanne
1145 1663 1213 1725 filio
1245 1669 1353 1748 Arney
1377 1680 1409 1728 et
1432 1667 1486 1729 Jo-

220 1765 326 1828 hanne
349 1768 502 1850 scriptore
525 1787 621 1850 super
643 1767 727 1829 facto
751 1767 974 1849 percussionis.

327 1892 405 1954 ltem
429 1891 575 1954 Thomas
591 1891 675 1953 filius
693 1891 738 1954 St.
756 1891 852 1953 debet
868 1892 919 1953 die
943 1905 1057 1954 octavo
1074 1891 1177 1971 jurare
1195 1907 1305 1955 contra
1329 1896 1486 1958 Jacobum

221 2017 389 2080 supereo,
413 1998 501 2079 quod
527 1999 593 2079 ipse
616 2017 731 2080 porcos
755 2017 831 2058 suos
854 2016 920 2058 non
944 1997 1063 2079 recepit
1086 1998 1127 2059 ad
1151 2000 1345 2081 pavendum.

327 2123 405 2184 ltem
428 2122 623 2205 Meynardus
647 2122 699 2183 die
723 2122 966 2203 quintodecimo
983 2121 1079 2182 debet
1103 2121 1227 2184 solvere
1252 2123 1421 2207 Stephlino
1447 2126 1486 2187 de

223 2228 411 2290 Bukouicha
434 2229 577 2310 quinque
602 2247 723 2289 marcas
747 2227 815 2289 sine
840 2227 1009 2290 dilacione.

329 2351 406 2413 ltem
431 2351 575 2412 debitum
600 2350 738 2411 condam
762 2351 847 2411 lwan
876 2350 1040 2433 selliparii,
1061 2351 1142 2412 sicut
1173 2351 1355 2413 continetur
1379 2351 1411 2413 in
1436 2353 1487 2414 lit·

221 2459 297 2520 teris
320 2457 437 2519 nostris
460 2456 672 2537 obligatoriis,
695 2455 829 2518 domino
854 2456 940 2518 Luce
972 2456 1083 2518 lectori
1107 2456 1239 2518 ecclesie
1271 2457 1488 2538 zagrabiensis

222 2565 262 2626 sd
287 2564 486 2625 solucionem
511 2561 690 2624 faciendam
715 2561 1029 2642 quintumdecimum
1058 2562 1144 2623 diem
1176 2561 1414 2644 perhemptorie
1439 2583 1487 2624 as-

222 2670 430 2751 signavimus.

330 2792 407 2853 ltem
442 2810 535 2852 causa
568 2789 701 2872 Georgii
733 2790 889 2852 Ztaunich
920 2804 952 2852 et
983 2790 1138 2852 iohannis
1171 2790 1326 2852 Zlatolazi
1350 2791 1391 2852 ad
1416 2803 1489 2852 octo

224 2898 293 2960 dies
317 2910 363 2959 est
386 2909 567 2978 prorogata.

332 3022 408 3082 ltem
433 3040 527 3082 causa
544 3020 687 3082 Barberii
712 3035 743 3082 et
758 3020 887 3082 Andree
905 3018 985 3081 labri
1007 3020 1046 3081 ad
1064 3020 1238 3080 adventum
1263 3019 1386 3080 domini
1406 3019 1490 3081 Petri

224 3129 338 3211 judicis
362 3140 409 3189 est
431 3139 611 3209 prorogata.

332 3233 410 3295 Item
434 3232 553 3293 Paulus
576 3232 688 3293 Bobek
712 3233 825 3293 citatus
845 3232 1024 3313 comparuit
1048 3246 1157 3293 contra
1182 3231 1355 3292 Martinum
1382 3244 1416 3291 ut
1439 3250 1490 3290 ac-

224 3355 338 3417 torem,
363 3339 418 3420 qui
442 3358 507 3399 non
533 3338 620 3399 venit
644 3357 702 3399 nec
726 3338 821 3399 misit.

332 3463 414 3523 Nota
439 3461 526 3541 quod
551 3459 657 3543 judex,
690 3460 782 3542 jurati
807 3475 838 3522 et
870 3460 954 3521 cives
985 3460 1029 3520 sic
1062 3459 1281 3538 decreverunt,
1306 3458 1395 3540 quod
1420 3461 1490 3520 uni-

227 3569 309 3630 versi
334 3580 509 3645 causantes,
534 3568 651 3648 quibus
672 3587 764 3628 causa
782 3566 822 3627 ad
840 3586 1049 3648 personarum
1067 3565 1275 3627 atestaciones
1299 3566 1340 3627 ad
1364 3579 1493 3626 octavas

227 3675 278 3736 vel
303 3673 483 3754 quindenas
506 3693 562 3733 seu
586 3673 728 3753 aliquem
752 3673 886 3733 tercium
914 3673 1087 3733 terminum
1121 3671 1152 3731 in
1178 3673 1293 3753 quovis
1316 3691 1390 3733 casu
1415 3672 1493 3733 exti-

226 3792 305 3840 teret
327 3793 497 3861 prorogata
522 3793 632 3839 contra
648 3797 870 3858 quoscunque,
898 3778 976 3839 alias
993 3777 1054 3838 nisi
1072 3778 1102 3838 in
1128 3776 1247 3856 judicio
1271 3777 1493 3838 testimonium

225 3905 319 3947 suum
344 3885 519 3968 producere
544 3885 644 3965 possit
667 3897 698 3945 et
721 3884 753 3944 in
779 3896 952 3965 conspectu
976 3882 1086 3962 judicii
1111 3882 1288 3943 testificare.
1345 3878 1347 3882 ⁴

334 4008 411 4069 ltem
437 4007 522 4067 iwan
546 4007 597 4067 die
615 4019 729 4067 octavo
745 4005 842 4067 debet
868 4004 970 4085 jurare
999 4006 1085 4066 solus
1113 4024 1207 4086 super
1231 4005 1372 4085 quodam
1397 4003 1494 4065 blado

227 4129 335 4176 contra
361 4113 515 4191 Blasium,
540 4112 580 4172 de
612 4131 678 4193 quo
709 4126 822 4192 quarta
853 4131 925 4193 pars
958 4108 1168 4171 defalcabitur
1200 4109 1307 4171 eidem
1332 4109 1440 4171 Blasio
1464 4121 1495 4169 et

226 4235 290 4282 tres
312 4218 482 4300 porciones
506 4219 608 4279 solvet
636 4218 751 4278 eidem.

334 4342 409 4403 Item
437 4341 468 4401 in
494 4341 665 4422 quindenis
689 4340 834 4401 Andreas
858 4338 948 4400 faber
971 4339 1066 4401 debet
1091 4340 1216 4400 solvere
1241 4337 1348 4399 Blasio
1373 4337 1494 4398 XXXV

229 4448 389 4510 denarios.

335 4573 411 4632 ltem
437 4570 512 4651 quia
536 4571 650 4648 Jakmo
674 4570 779 4650 primo
802 4568 922 4648 judicio
947 4568 1105 4628 adventus
1128 4566 1251 4629 Mareni
1277 4565 1318 4627 de
1343 4565 1496 4627 Modrusa

229 4679 367 4740 debebat
390 4677 525 4759 probare
549 4694 644 4757 super
668 4674 810 4755 quodam
835 4673 929 4752 iacto,
948 4674 1017 4755 ipso
1042 4672 1163 4754 judicio
1187 4671 1274 4732 idem
1299 4671 1414 4732 Jakmo
1438 4689 1496 4731 nec

230 4784 318 4845 venit
342 4802 400 4844 nec
425 4781 511 4842 misit
533 4780 574 4842 ad
598 4779 843 4862 producendum
868 4779 989 4840 dictum
1014 4777 1247 4840 testimonium.
