3488 5250
639 365 725 422 Anno
749 362 841 443 1360.
864 399 908 408 -
925 379 960 442 3.
976 366 1062 442 julii.
1108 446 1113 464 .
1427 384 1487 449 ¹79

329 575 408 636 Item
440 574 639 657 Dampianua
671 593 744 636 cum
775 573 842 636 filio
880 594 939 636 suo
970 575 1111 638 secundo
1147 576 1260 638 citatus
1292 593 1402 640 contra
1438 579 1489 639 Ja-

224 680 341 741 cobum
366 699 431 742 non
456 681 645 762 comparuit.

331 785 409 847 Item
434 783 536 848 Cursa
559 785 701 848 secundo
726 786 839 848 citams
868 799 978 848 contra
1009 787 1088 849 Iuan
1113 808 1285 870 preconem
1309 809 1375 852 non
1400 809 1490 852 com·

225 894 340 974 paruit.

329 998 407 1060 item
430 1017 525 1059 causa
557 1017 619 1080 que
652 999 785 1060 vertitur
814 999 897 1061 inter
927 999 1071 1061 relictam
1103 999 1268 1063 Sterniche
1299 1015 1329 1064 et
1353 1022 1487 1064 uxorem

227 1103 334 1166 Petres
356 1104 397 1165 ad
422 1118 496 1165 octo
521 1103 589 1165 dies
612 1104 652 1165 ad
676 1123 789 1186 pacem
818 1119 865 1166 est
887 1118 1066 1186 prorogata.

329 1209 407 1271 item
434 1208 580 1271 Cernech
605 1209 759 1271 Zelezche
784 1223 893 1271 contra
910 1211 1054 1272 relictam
1071 1209 1150 1272 Suik
1166 1211 1271 1293 primo
1292 1213 1404 1275 citatus
1423 1233 1488 1275 non

225 1315 415 1396 comparuit.

332 1439 409 1500 Item
435 1442 529 1500 Anna
553 1452 663 1501 contra
687 1439 809 1500 Marem
833 1439 1028 1520 penesticam
1055 1440 1161 1521 primo
1193 1440 1287 1503 citata
1312 1461 1377 1503 non
1401 1460 1488 1504 com·

225 1543 341 1626 paruit.

330 1648 407 1710 Item
431 1648 508 1710 iuan
533 1648 764 1730 Wogrinchich
790 1662 900 1711 contra
918 1648 1096 1730 Georgium
1119 1650 1261 1714 secundo
1285 1652 1399 1714 citatus
1423 1671 1489 1715 non

225 1755 416 1836 comparuit.

329 1860 408 1922 item
439 1874 553 1922 octavo
586 1860 638 1922 die
670 1860 832 1923 iohannes
863 1859 948 1923 filius
982 1861 1150 1924 Laurentii
1183 1876 1292 1925 contra
1324 1864 1489 1945 Zugauam

225 1967 356 2027 nomine
393 1966 551 2047 iobagisae
584 1986 641 2029 sue
674 1987 730 2048 per
765 1968 887 2028 Maram
919 1980 949 2028 et
982 1986 1115 2029 uxorem
1151 1968 1291 2049 Dragani
1327 1969 1360 2030 in
1390 1969 1489 2031 domo

226 2072 344 2133 Paulek
369 2071 536 2133 residentis
559 2092 654 2154 super
677 2073 844 2154 vituperiis
867 2073 1089 2145 testimouium
1115 2073 1292 2155 producere
1317 2074 1422 2136 debet.

330 2194 408 2255 Item
431 2214 532 2277 usque
556 2195 736 2276 quindenas
761 2197 799 2257 N.
824 2193 909 2257 filius
932 2195 1068 2278 Ztoyani
1097 2209 1222 2258 tenetur
1245 2198 1370 2259 solvere
1395 2197 1489 2260 Petro

224 2299 292 2362 filio
317 2301 426 2362 Jureni
450 2301 561 2363 decani
587 2301 612 2362 11
638 2321 750 2383 pensas
775 2302 991 2380 denariorum,
1019 2302 1159 2385 dareque
1191 2303 1277 2364 idem
1302 2316 1365 2365 tres
1389 2303 1490 2366 dietas

225 2422 317 2484 terre,
342 2407 402 2467 XX
435 2426 544 2468 currus
576 2407 616 2468 de
647 2405 725 2469 fimo
756 2427 814 2469 nec
846 2428 910 2469 non
943 2408 1064 2470 monile
1097 2428 1197 2470 uuum
1222 2423 1253 2471 et
1276 2410 1410 2472 anulum
1434 2424 1490 2473 aut

226 2513 366 2574 valorem
392 2512 581 2574 eorumdem
605 2514 782 2575 secuudum
806 2514 895 2595 quod
920 2513 999 2576 fides
1022 2514 1120 2596 ipsius
1144 2515 1227 2577 Petri
1252 2515 1395 2579 dictabit.

330 2636 408 2699 Item
433 2656 526 2698 causa
559 2655 622 2718 que
654 2638 786 2699 vertitur
816 2637 899 2699 inter
929 2637 1105 2719 quamdam
1135 2639 1304 2701 mulierem
1336 2652 1367 2701 et
1391 2639 1488 2723 Myke

225 2757 366 2806 sutorem
394 2743 433 2805 ad
459 2755 532 2804 octo
556 2743 624 2804 dies
647 2742 687 2804 ad
713 2762 824 2825 pacem
848 2757 894 2806 est
915 2756 1096 2825 prorogata.

331 2850 408 2911 Item
434 2849 472 2911 N.
496 2847 580 2910 filius
604 2849 730 2910 Ztoiani
749 2849 891 2911 secundo
909 2849 1021 2911 citatus
1038 2862 1147 2911 contra
1170 2849 1248 2911 Iuan
1265 2849 1404 2913 Plauech
1422 2871 1489 2914 non

226 2957 414 3039 comparuit.

330 3063 409 3125 item
433 3062 518 3124 idem
545 3062 699 3124 Nicolaua
715 3061 865 3144 quitquid
890 3061 987 3123 hodie
1012 3061 1044 3122 in
1062 3061 1189 3123 racione
1202 3062 1365 3123 soluturus
1388 3081 1490 3125 rema·

225 3170 314 3231 nebit
336 3168 413 3230 Iuan
439 3168 587 3247 Plauech,
611 3168 672 3230 hoc
697 3187 798 3249 usque
823 3168 1001 3249 quindenas
1029 3168 1153 3229 solvere
1178 3167 1283 3230 debet.

331 3293 409 3354 item
433 3293 535 3374 posita
553 3306 600 3354 est
616 3312 698 3374 pena
716 3292 827 3354 decem
845 3310 1022 3353 marcarum
1047 3293 1128 3352 inter
1145 3291 1309 3353 Andream
1326 3305 1357 3352 et
1374 3290 1488 3354 Konch

226 3399 279 3477 ita,
303 3399 391 3481 quod
415 3401 473 3460 sub
505 3398 572 3481 ipsa
603 3418 685 3481 pena
719 3418 790 3480 pars
821 3411 943 3479 partem
974 3418 1033 3460 nec
1056 3399 1155 3460 verbo
1189 3418 1247 3459 nec
1281 3397 1365 3460 facto
1390 3397 1490 3460 offen·

227 3505 300 3566 dere
330 3505 436 3567 debet.

333 3611 410 3672 item
435 3625 548 3673 octavo
573 3610 624 3671 die
649 3611 727 3673 iuan
751 3624 860 3673 contra
879 3611 1103 3673 Radozlauum
1126 3630 1281 3692 generum
1306 3629 1399 3671 suum
1424 3623 1492 3672 met

227 3718 388 3779 secundus
412 3717 515 3798 jurare
541 3717 635 3779 debet
656 3737 752 3799 super
774 3737 824 3794 eo,
856 3718 944 3799 quod
969 3737 1025 3799 per
1049 3719 1153 3800 ipsum
1178 3716 1272 3779 fuerit
1296 3718 1490 3780 vulneratus.

332 3823 410 3885 Item
436 3843 536 3904 usque
561 3823 740 3904 quindenas
765 3823 906 3885 Obraam
925 3823 1020 3885 Zolar
1043 3837 1168 3885 tenetur
1190 3823 1313 3884 solvere
1332 3823 1490 3905 Dyonisio

229 3928 316 3991 fratri
342 3949 400 3991 suo
423 3943 551 3991 centum
575 3929 735 3993 denarios.

334 4052 411 4113 item
446 4071 540 4113 causa
574 4052 697 4113 domini
729 4052 813 4114 Petri
845 4051 902 4113 filii
929 4052 1045 4115 Donati
1076 4066 1107 4114 et
1137 4051 1194 4113 filii
1220 4052 1350 4135 Eudrey
1373 4052 1489 4114 Zuizth

227 4176 329 4238 usque
353 4171 426 4219 octo
452 4157 518 4218 dies
542 4158 646 4219 taliter
669 4171 715 4219 est
732 4171 912 4240 prorogata,
937 4158 1025 4240 quod
1049 4159 1073 4218 si
1091 4158 1158 4240 ipse
1182 4156 1267 4219 filius
1281 4159 1372 4220 Zuizt
1388 4177 1491 4239 usque

228 4264 332 4344 ipsum
369 4264 541 4324 terminum
578 4265 777 4325 voluntatem
812 4264 911 4346 ipsius
943 4264 1065 4325 domini
1099 4264 1181 4325 Petri
1216 4263 1384 4342 invenerit,
1409 4263 1491 4325 bene

229 4370 372 4451 quidem,
397 4370 542 4451 alioquin
568 4369 691 4430 iusticia
716 4367 770 4430 fiet
794 4369 833 4431 de
858 4370 938 4452 ipso.
1280 4379 1283 4385 '

334 4492 411 4554 Item
444 4507 558 4555 octavo
590 4492 640 4553 die
674 4493 811 4554 Jacobus
842 4493 961 4555 Cosme
993 4506 1058 4554 met
1097 4493 1213 4555 tercius
1244 4507 1352 4555 contra
1386 4491 1491 4553 Eliam

229 4598 454 4659 staciouarium
480 4598 583 4678 jurare
609 4597 712 4660 debet.

335 4706 411 4767 item
434 4725 528 4766 causa
553 4703 609 4766 filii
635 4703 770 4767 Gouche
794 4719 825 4766 et
849 4704 1029 4766 concivium
1060 4702 1277 4784 quorumdam
1309 4715 1492 4764 nostrorum

230 4812 270 4871 ad
294 4811 405 4873 feriam
429 4813 560 4873 terciam
584 4825 629 4872 est
652 4825 822 4893 prorogata
846 4824 877 4872 et
901 4812 1081 4893 specialiter
1106 4809 1233 4872 Andree
1258 4808 1298 4870 de
1324 4807 1448 4892 Spinal.

1376 4909 1390 4937 t
