3488 5250
644 371 731 429 Anno
753 381 841 446 1355.
864 403 908 412 -
931 366 962 430 ό.
985 371 1094 429 martii.

346 581 423 641 Item
437 580 575 641 Bartuch
589 581 620 641 in
638 580 777 642 adventu
791 581 941 642 Kratrum
958 592 1083 640 tenetur
1105 580 1269 641 restituere
1286 581 1378 642 uxori
1396 580 1508 641 Mikou

242 705 342 747 unum
367 685 487 746 monile
512 705 618 747 suum.

346 793 423 854 Item
448 790 525 852 feria
550 805 635 853 sexta
660 792 797 853 Baituch
828 804 953 852 tenetur
983 790 1204 852 testimonium
1230 792 1407 872 producere
1433 811 1506 853 cum

241 899 368 962 Kusech
392 896 554 959 aurifabro
579 912 610 959 et
633 917 731 959 uxore
756 897 901 959 Pezdech
924 910 1033 958 contra
1059 897 1201 958 Sonkam
1226 898 1394 960 mulierem
1412 917 1508 980 super

241 1003 327 1067 furtu
349 1003 566 1087 quorumdam
591 1003 814 1065 clenodiorum
840 1013 1042 1084 argenteum.

347 1111 424 1171 Item
442 1109 587 1170 Francha
604 1122 713 1170 contra
727 1110 920 1170 Markettum
936 1108 1040 1190 prima
1057 1108 1211 1170 citatione
1230 1128 1295 1170 non
1313 1109 1506 1190 comparuit.

347 1217 425 1277 Item
450 1214 560 1277 Obrad
587 1227 695 1274 contra
720 1215 895 1275 Martinum
929 1212 1107 1274 institorem
1132 1213 1234 1295 prima
1260 1213 1415 1275 citacione
1440 1233 1506 1274 non

239 1323 430 1404 comparuit.

346 1428 422 1488 Item
452 1446 532 1489 uxor
564 1425 706 1488 Francha
739 1437 849 1486 contra
881 1424 1045 1485 Andream
1076 1424 1215 1484 secunda
1249 1424 1405 1485 citacioue
1440 1443 1504 1484 non

240 1548 429 1615 comparuit.

346 1640 423 1700 Item
444 1639 532 1699 Elias
549 1649 659 1699 contra
676 1635 715 1698 G.
733 1634 835 1697 filium
855 1635 932 1696 Suik
946 1635 1048 1717 prima
1066 1635 1220 1696 citacioue
1235 1653 1301 1695 non
1314 1634 1505 1715 comparuit.

346 1745 424 1805 ltem
438 1746 477 1806 N.
492 1744 665 1824 Hungarus
678 1755 787 1803 contra
801 1742 934 1802 Milkam
948 1740 1050 1821 prima
1064 1740 1219 1801 citacioue
1235 1759 1300 1800 nou
1314 1740 1505 1821 comparuit.

344 1851 422 1911 Item
436 1852 474 1912 N.
489 1848 615 1911 Kordar
632 1861 741 1910 contra
759 1848 899 1925 Petrum,
917 1846 1038 1907 dictum
1056 1846 1164 1923 Saura,
1182 1845 1322 1906 secunda
1347 1845 1504 1906 citatione

240 1976 305 2018 non
331 1955 521 2037 comparuit.

347 2062 423 2122 Item
434 2059 616 2121 Demetrius
629 2072 738 2120 contra
753 2057 899 2119 Matheus
915 2056 1054 2118 secunda
1066 2056 1221 2118 citacioue
1233 2075 1298 2116 non
1312 2058 1502 2137 comparuit.

346 2167 423 2227 Item
445 2167 556 2227 Mareu
580 2178 689 2226 contra
706 2163 870 2224 Emricum
895 2161 1075 2224 carnificem
1098 2162 1238 2223 secunda
1264 2161 1419 2224 citacioue
1436 2182 1501 2223 non

239 2293 311 2334 com
336 2285 428 2336 arurt.

313 2293 422 2438 pltem
450 2376 583 2456 Egidius
607 2373 736 2457 pellifex
753 2387 862 2435 contra
886 2374 1065 2435 Johannem
1082 2373 1279 2434 sacerdotem
1298 2374 1400 2455 prima
1425 2373 1502 2434 cita-

239 2485 332 2545 cione
357 2503 422 2544 non
447 2481 636 2564 comparuit.

345 2608 422 2668 Item
456 2604 623 2690 Gurdonia
656 2617 686 2665 et
718 2604 847 2664 Markus
879 2617 988 2664 contra
1020 2603 1188 2664 dominum
1221 2603 1363 2680 Petrum,
1396 2601 1503 2663 filiurn

239 2713 370 2794 Ligerii,
394 2711 543 2772 videlicet
566 2729 621 2792 per
653 2708 878 2770 inductionem
904 2708 974 2769 Elie
1006 2706 1117 2769 famuli
1149 2709 1197 2770 sui
1229 2709 1261 2769 in
1286 2728 1421 2790 persona
1446 2728 1502 2769 sua

238 2833 392 2896 actorem,
416 2818 518 2898 prima
543 2815 697 2877 citacioue
721 2834 787 2875 non
810 2827 1066 2895 comparuerunt.

344 2942 421 3002 Item
446 2940 542 3018 lwan,
567 2939 669 3000 dictus
683 2938 814 3015 Pluzna,
839 2951 948 2999 contra
965 2938 999 3000 P.
1024 2936 1126 2999 filium
1151 2938 1271 3000 Mathia
1296 2939 1397 3020 prima
1423 2939 1498 3000 cita-

239 3048 332 3109 cioue
357 3067 422 3108 uon
449 3045 637 3127 comparuit.

344 3153 422 3213 ltem
462 3150 593 3233 Mathey
630 3149 768 3231 piscator
806 3163 914 3210 contra
950 3148 1058 3211 Decan
1093 3149 1195 3230 prima
1236 3150 1391 3210 citacione
1435 3169 1501 3211 non

239 3257 429 3339 comparuit.

387 3454 484 3528 Feria
513 3465 613 3526 sexta
644 3456 797 3544 proxima
829 3466 906 3526 aute
935 3457 1133 3528 dominicam
1162 3454 1256 3527 (lculi
1287 3459 1360 3527 mei.

773 3585 818 3665 (ό.
842 3589 965 3663 martii).

343 3731 422 3792 ltem
447 3729 627 3812 Stephanus
643 3726 762 3808 juratus
779 3742 889 3789 contra
905 3729 932 3790 J.
949 3729 1174 3790 staciouariurn
1194 3729 1245 3791 die
1269 3743 1383 3791 octavo
1401 3729 1497 3791 debet

238 3836 441 3917 respondere.

343 3941 422 4002 ltem
453 3939 620 4002 Chernech
649 3954 758 4002 contra
790 3940 951 4021 quandam
983 3940 1151 4002 mulierem
1175 3941 1315 4002 secunda
1340 3941 1496 4002 citacioue

236 4067 302 4109 non
327 4047 518 4131 comparuit

344 4153 421 4213 item
453 4152 627 4213 Markettus
665 4164 774 4213 contra
804 4150 967 4212 Donatum
1000 4150 1138 4232 juratum
1170 4152 1222 4213 die
1256 4167 1370 4214 octavo
1404 4152 1500 4213 debet

238 4257 445 4339 respondere.
677 4259 678 4264 ’

343 4364 421 4424 ltem
445 4366 538 4424 Anna
562 4363 678 4424 mulier
702 4363 754 4425 die
770 4377 883 4426 octavo
903 4363 999 4425 debet
1013 4364 1149 4443 probare
1173 4383 1246 4423 cum
1264 4364 1383 4424 Jacobo
1409 4363 1501 4444 pelli-

238 4466 295 4530 fice
327 4487 363 4529 ac
395 4487 494 4529 uxore
526 4468 627 4530 Pausa
656 4483 688 4531 et
718 4466 783 4530 filia
814 4488 871 4530 sua
900 4487 935 4529 ac
966 4467 1106 4549 quadam
1138 4468 1272 4529 muliere
1297 4489 1392 4550 super
1417 4467 1500 4529 lacto

238 4572 461 4655 percussionis.

342 4677 422 4740 ltem
445 4697 538 4740 causa
562 4679 644 4741 inter
666 4678 830 4740 Andream
857 4691 890 4740 et
920 4697 1053 4740 uxorem
1085 4678 1227 4740 Franche
1251 4694 1298 4740 eat
1326 4691 1500 4761 prorogata

239 4782 278 4844 ad
302 4782 387 4844 diem
412 4797 560 4846 octavum
583 4784 624 4846 ad
646 4802 770 4867 pacem,
791 4784 818 4845 ai
842 4783 1014 4846 concordia
1044 4781 1112 4845 fieri
1136 4784 1253 4866 poterit
1274 4784 1356 4846 inter
1380 4797 1498 4866 partes.
