3488 5250
239 346 304 407 280
655 344 852 425 Ann01363.
877 382 920 392 -
948 346 979 410 ό.
995 351 1088 425 junii.

238 453 293 460 .-
304 453 1071 461 --.-————-———-—-—-—.

361 581 458 654 Feria
489 584 596 655 tercia
623 583 780 672 proxima
807 590 884 671 post
911 582 1035 654 festum
1063 586 1215 672 corporis
1244 583 1379 656 Christi.

782 731 826 811 (6.
842 736 950 811 jumi).

344 874 452 935 Primo
477 893 579 955 usque
596 887 746 935 octavum
770 873 857 935 diem
877 873 998 956 Symon
1023 887 1054 936 et
1070 874 1228 935 Martinus
1250 894 1349 955 gener
1365 874 1502 937 Stanech

240 979 401 1061 quandam
427 980 566 1058 vineam,
590 998 687 1060 quam
712 999 730 1040 a
754 979 888 1041 domino
907 981 1022 1041 abbate
1047 992 1078 1042 et
1101 980 1169 1041 eius
1192 992 1354 1042 conventu
1384 979 1502 1042 habere

239 1085 482 1167 dignoscuntur,
501 1084 645 1146 dividere
661 1087 866 1164 tenebuntur,
891 1099 921 1147 et
945 1104 1149 1166 quecumque
1166 1105 1238 1167 pars
1262 1084 1301 1146 ad
1327 1085 1413 1147 diem
1430 1105 1500 1168 pre·

238 1191 359 1253 dictum
391 1190 431 1252 ad
463 1192 564 1252 aciem
596 1190 763 1252 divisionis
786 1210 851 1252 non
883 1191 1016 1269 venerit,
1047 1209 1138 1252 suam
1170 1190 1281 1272 perdet
1315 1190 1502 1271 porcionem

239 1295 309 1378 ipso
332 1294 428 1358 lacto.

343 1402 437 1476 Nota,
464 1401 551 1482 quod
576 1401 686 1462 habito
710 1419 806 1481 super
829 1400 890 1462 hoc
907 1403 1031 1480 crebro,
1054 1401 1202 1482 diligenti
1227 1414 1258 1462 et
1282 1415 1408 1464 maturo
1426 1422 1502 1464 con·

237 1507 310 1568 silio
335 1506 549 1569 deliberantes
573 1507 784 1585 decrevimus,
809 1522 843 1568 ut
859 1507 1043 1569 venditores
1059 1508 1132 1569 salis
1155 1527 1214 1589 pro
1238 1521 1384 1590 tempore
1401 1528 1503 1571 emet·

239 1626 360 1693 gentes,
385 1614 440 1695 qui
465 1612 623 1674 stationes
647 1613 888 1674 communitatis
918 1632 977 1696 pro
1001 1633 1060 1674 usu
1092 1613 1292 1674 vendicionis
1315 1613 1389 1675 salis
1413 1634 1502 1696 apre-

239 1719 323 1780 ciare
347 1718 475 1796 sollent,
500 1718 642 1798 singulas
665 1718 823 1780 staciones
846 1718 981 1799 singulis
1003 1719 1096 1780 annis
1127 1738 1185 1799 pro
1209 1730 1338 1780 centum
1363 1718 1502 1780 denariis

239 1824 430 1902 conducere,
455 1824 707 1905 consociumque
736 1843 792 1884 seu
824 1824 990 1884 consocios
1020 1837 1145 1886 tantum
1169 1822 1210 1885 ad
1242 1843 1342 1885 unum
1367 1824 1502 1906 capiste-

239 1930 321 1991 rium
346 1929 532 1991 adinvenire
564 1928 692 1991 valeant
723 1943 819 2010 atque
850 1929 992 2011 possint;
1027 1929 1082 2010 qui
1114 1929 1140 1989 si
1173 1910 1273 1989 iidem
1299 1949 1356 1991 seu
1387 1929 1504 2011 aliquis

238 2034 427 2097 eorumdem
458 2034 551 2117 plura
582 2034 749 2116 capisteria
782 2035 814 2096 in
844 2053 901 2096 sua
932 2034 1194 2116 representaverit
1225 2034 1367 2096 stacione
1412 2034 1503 2096 salvo

238 2141 405 2222 capisterio
429 2161 506 2221 uno,
538 2140 577 2202 de
602 2141 735 2223 reliquis
757 2142 861 2203 solvet
883 2141 1026 2222 precium
1055 2140 1198 2201 debitum
1231 2153 1262 2201 et
1293 2139 1501 2222 condignum.

343 2247 421 2308 ltem
446 2260 560 2308 octavo
584 2246 636 2308 die
653 2245 779 2308 Cusech
804 2260 913 2307 contra
939 2246 1068 2306 Petrum
1086 2245 1161 2305 laxe
1185 2245 1312 2327 jurabit,
1336 2243 1425 2327 quod
1442 2264 1501 2307 nec

237 2365 309 2433 post
332 2372 390 2413 nec
414 2365 505 2413 antea
537 2352 644 2432 plures
676 2352 737 2412 nisi
770 2351 935 2413 dumtaxat
965 2350 1021 2412 Xll
1052 2349 1194 2412 florenos
1224 2351 1419 2413 mutuaverit
1443 2370 1501 2413 nec

237 2456 383 2519 habuerit
406 2477 423 2518 a
448 2457 524 2518 laxa
548 2455 642 2518 fratre
667 2456 751 2517 Petri
775 2456 945 2538 prenotati.

344 2563 422 2624 item
447 2562 640 2624 Benedictus
664 2561 795 2643 sellipar
818 2575 928 2622 contra
954 2561 1089 2623 Paulum
1114 2561 1227 2623 Zmina
1252 2562 1357 2643 primo
1389 2561 1503 2623 citatus

237 2687 303 2729 non
328 2668 518 2748 comparuit.

344 2773 420 2833 Item
445 2786 557 2833 octavo
582 2772 633 2832 die
668 2771 841 2853 Jurglynus
873 2784 983 2833 contra
1014 2770 1140 2833 Malech
1173 2770 1344 2854 pellificem
1373 2771 1499 2854 jurabit,

237 2877 325 2958 quod
350 2897 424 2939 eum
449 2896 514 2938 non
542 2877 744 2957 vituperavit.

343 2984 421 3044 Item
445 3002 538 3043 causa
563 2982 660 3043 Blasii
691 2996 722 3042 et
753 2982 845 3043 Pauli
869 2980 950 3044 fabri
982 2983 1022 3045 ad
1047 2997 1120 3044 octo
1144 2982 1213 3044 dies
1245 2982 1285 3042 ad
1310 3001 1422 3064 pacem
1454 2994 1501 3044 est

238 3088 385 3151 deducta.

343 3195 421 3255 ltem
445 3194 555 3254 Petrus
578 3191 698 3253 vuzdar
722 3206 831 3254 contra
857 3193 901 3255 St.
926 3194 966 3255 ad
991 3209 1064 3256 octo
1093 3195 1161 3256 dies
1187 3194 1306 3276 recepit
1328 3193 1501 3254 terminum

238 3298 277 3360 ad
302 3298 575 3380 respondendum,
1411 3378 1413 3381 ἡ

342 3404 422 3465 ltem
453 3403 535 3484 lglar
566 3403 670 3485 primo
702 3404 815 3466 citatus
846 3417 956 3465 contra
994 3405 1181 3484 magistrum
1221 3403 1403 3485 Jurglinum
1434 3422 1501 3465 nou

239 3509 428 3590 comparuit.

344 3615 420 3675 Item
446 3614 478 3675 itt
502 3613 676 3693 quindenis
700 3615 810 3675 Mareu
835 3614 914 3675 duas
931 3634 1045 3696 pensas
1066 3629 1097 3676 et
1113 3615 1256 3696 quinque
1274 3614 1422 3676 denarios
1437 3613 1501 3675 sol·

237 3737 311 3779 vere
329 3718 423 3780 debet
447 3718 614 3799 Jurglyno.

343 3823 420 3884 ltem
446 3842 545 3903 usque
570 3823 750 3904 quindenas
774 3825 882 3906 Matey
905 3839 994 3886 sutor
1011 3825 1233 3887 Theutonicus
1257 3826 1353 3887 debet
1376 3825 1501 3886 solvere

238 3929 367 3990 Andree
392 3928 483 3990 labro
508 3948 609 3989 unum
633 3929 703 3990 flor.

343 4034 421 4094 Item
446 4033 531 4094 filius
555 4034 672 4095 Prener
689 4048 798 4096 contra
823 4033 1001 4116 Georgium
1018 4035 1211 4097 frenatorem
1227 4034 1369 4097 secundo
1387 4035 1501 4097 citatus

238 4157 303 4199 non
328 4139 517 4219 comparuit.

343 4244 421 4304 Item
447 4243 549 4306 Cursa
572 4245 611 4306 de
630 4245 763 4307 Rabuch
782 4266 883 4327 usque
900 4246 1079 4328 quindenas
1103 4261 1228 4308 tenetur
1251 4248 1376 4309 solvere
1393 4247 1502 4311 Pettes

239 4362 269 4410 et
293 4349 428 4411 Nicolao
452 4364 591 4431 quatuor
614 4370 735 4413 marcas
767 4352 858 4413 etde
884 4371 977 4413 muro
998 4371 1057 4413 suo
1080 4366 1146 4414 tam
1175 4354 1207 4413 in
1231 4373 1380 4435 sumpmo
1404 4373 1503 4435 quam

238 4473 331 4515 muro
355 4469 492 4516 mactare
516 4454 556 4517 ad
580 4456 660 4518 duas
683 4456 790 4538 pedes.

343 4559 422 4620 Item
445 4579 539 4622 causa
563 4561 691 4624 Andree
716 4559 797 4624 fabri
829 4576 940 4624 contra
964 4556 1149 4625 'lohannem
1174 4576 1328 4625 sartorem
1361 4564 1401 4626 ad
1425 4577 1500 4628 octo

237 4663 306 4725 dies
328 4665 388 4725 sub
412 4667 659 4729 atestacionibus
682 4666 855 4730 testificaris
878 4667 918 4729 ad
940 4687 1052 4750 pacem
1076 4682 1122 4730 est
1145 4683 1327 4752 prorogata,

343 4769 422 4830 Item
445 4785 560 4834 octavo
584 4771 637 4845 die
661 4773 772 4834 Petrus
788 4772 828 4834 de
852 4773 943 4836 Blata
967 4789 1077 4835 contre
1094 4775 1223 4837 Petrum
1249 4775 1442 4839 frenatorem
1468 4796 1504 4839 se
