3488 5250
636 315 724 374 Anno
747 312 836 402 1363.
864 348 904 357 -
922 329 980 391 50.
996 316 1091 397 junii.
1433 316 1496 399 287

234 420 554 432 -Ἷ---..-..,

340 523 417 585 Item
442 538 557 585 octavo
581 523 634 586 dle
658 525 697 586 N.
722 525 883 605 organista
915 540 1024 587 contra
1050 527 1165 587 Katam
1190 545 1247 606 per
1270 526 1411 587 relictam
1438 526 1496 586 Ze·

233 630 323 692 lezen
348 643 380 691 et
403 629 530 691 Mikech
554 628 657 691 filium
675 629 775 692 Pethk
793 631 1013 692 testImonium
1030 651 1125 713 super
1141 631 1308 713 vituperiis
1330 631 1496 711 producet.

338 735 416 797 Item
439 749 553 797 octavo
579 736 631 796 die
656 737 766 798 Petrus
789 736 864 798 laxe
889 751 998 799 contra
1023 737 1193 799 Nicolaum
1217 737 1416 798 sacerdotem
1439 756 1497 818 per

234 842 310 903 Mali
335 856 366 903 et
391 841 570 903 Fabianum
602 855 756 904 sartorem
791 843 1013 904 testimonium
1044 862 1140 925 super
1170 843 1335 925 vituperiis
1366 842 1496 903 domiue

232 946 373 1008 Blanche
398 947 574 1029 producere
598 946 704 1010 debet.

339 1051 416 1114 Item
449 1052 626 1114 Martinech
659 1051 798 1114 carnifex
830 1052 972 1115 secundo
1008 1053 1121 1115 citatus
1160 1067 1270 1116 contra
1294 1054 1402 1114 Petres
1432 1071 1496 1113 non

232 1159 421 1240 comparuit.

340 1263 418 1326 Item
443 1264 605 1327 lohannes
629 1263 745 1326 Solder
763 1276 873 1325 contra
891 1263 994 1325 Eliam
1019 1264 1246 1326 stacionarium
1262 1265 1367 1346 primo
1386 1264 1498 1325 citatus

233 1387 299 1429 uon
324 1371 513 1451 comparuit.

339 1475 417 1537 Item
442 1475 636 1558 Mykoucich
653 1475 693 1537 de
709 1475 795 1556 Vgra
819 1476 852 1537 In
876 1475 1093 1556 acquisicione
1110 1494 1214 1552 cause,
1231 1493 1328 1555 quam
1352 1486 1498 1556 pretextu

234 1581 448 1661 quorumdam
481 1579 704 1643 hedificiorum
737 1596 846 1642 contra
878 1580 1058 1642 Iohannem
1091 1579 1193 1642 fiIIurn
1228 1579 1396 1641 Laurencii
1429 1599 1497 1640 mo·

234 1700 333 1762 verat,
356 1687 535 1764 succubuit,
559 1700 590 1748 et
615 1685 844 1748 nichilominus
868 1687 899 1747 in
930 1687 1057 1747 duobus
1081 1684 1207 1765 iudiciis
1230 1686 1391 1747 remansit.

234 1903 328 1985 Nota,
357 1905 445 1994 quod
473 1905 558 1976 feria
586 1912 684 1975 sexta
712 1908 867 1993 proxima
892 1913 967 1994 post
996 1904 1119 1975 festum
1146 1905 1377 1992 apostolorum
1408 1904 1496 1975 Petri

672 2035 705 2099 et
733 2028 830 2099 Pauli
859 2029 1045 2100 beatorum.

766 2182 830 2257 (50.
854 2178 967 2256 Jlrnii).

340 2317 416 2379 Item
443 2316 592 2397 lohannI‚
616 2318 683 2381 filio
702 2320 777 2380 Iuan
796 2319 870 2381 dicti
888 2318 1016 2397 Cemer‚
1040 2318 1080 2379 ad
1097 2317 1277 2380 faciendam
1295 2317 1497 2378 solucionem

233 2423 467 2503 quinquaginta
492 2424 636 2505 quinque
661 2445 734 2486 cum
763 2422 872 2486 medio
904 2424 1111 2502 florenorum,
1145 2423 1322 2505 assignatus
1345 2436 1376 2484 et
1407 2421 1499 2483 datus

233 2544 279 2589 est
302 2530 458 2591 termInus
481 2529 656 2591 solucionis
679 2530 776 2592 tercIa
801 2529 868 2591 dies
885 2528 955 2592 festi
974 2531 1057 2591 beati
1082 2529 1235 2610 Stephani
1260 2528 1353 2608 regis,
1378 2527 1410 2588 In
1429 2546 1495 2609 quo

233 2634 371 2696 termino
396 2635 481 2696 idem
507 2637 627 2716 absque
652 2636 717 2696 ulla
743 2636 886 2697 ulteriori
905 2635 1064 2697 dilacione
1089 2634 1184 2696 faciat
1208 2648 1238 2697 et
1256 2632 1359 2696 facere
1383 2634 1499 2695 debeat

233 2739 433 2802 solucionem
458 2741 663 2819 antedictam,
686 2742 826 2821 quamsi
850 2739 970 2818 fecerit,
993 2742 1074 2802 bene
1091 2741 1235 2821 quidem,
1259 2739 1404 2820 alioquin
1422 2758 1497 2800 mox

235 2846 392 2926 exspIrato
416 2847 554 2907 termino
572 2847 728 2908 Martinus
752 2847 876 2928 Reyniz
894 2848 977 2907 bona
1003 2865 1059 2907 sua
1077 2864 1267 2926 quecunque
1284 2843 1401 2914 vendet
1418 2844 1499 2905 sicut

238 2953 364 3034 poterit,
389 2965 419 3013 et
443 2965 603 3034 sumpmat
627 2951 827 3013 solucionem
851 2971 941 3012 suam
967 2952 1157 3012 antedictam
1184 2950 1389 3031 integraliter.

342 3058 419 3118 Item
444 3077 536 3118 causa
562 3057 696 3119 Peterko
728 3073 758 3119 et
782 3059 893 3119 Macen
926 3073 973 3118 est
1003 3077 1059 3139 per
1082 3071 1176 3118 testes
1207 3057 1246 3119 ad
1271 3070 1344 3118 octo
1368 3056 1436 3117 dies
1458 3055 1499 3117 ad

233 3182 346 3246 pacem
370 3177 551 3244 prorogata.
819 3176 822 3179 ·
1111 3229 1113 3232 Α

341 3269 416 3330 Item
450 3288 543 3329 causa
578 3268 669 3330 Pauli
700 3268 875 3331 Foztozow
907 3284 938 3330 et
962 3268 1092 3330 Thome
1125 3269 1253 3330 litterati
1286 3268 1434 3330 slmiliter
1457 3267 1498 3328 ad

234 3390 307 3438 octo
332 3375 400 3436 dies
424 3390 469 3436 est
494 3375 532 3434 ad
558 3394 669 3455 pacem
693 3388 873 3455 prorogata.

340 3482 417 3542 Item
442 3501 535 3542 causa
562 3480 643 3542 Petri
661 3480 876 3561 procuratoris
897 3482 1109 3562 quarumdam
1127 3480 1308 3562 puellarum
1325 3493 1355 3541 et
1371 3478 1498 3558 Dragen

235 3588 370 3669 Duoyek
396 3587 505 3648 estad
530 3601 604 3647 octo
627 3586 695 3646 dies
719 3585 759 3647 ad
783 3606 895 3668 pacem
924 3601 1104 3667 prorogata,
1128 3585 1365 3647 fideiubuerunt
1389 3597 1495 3644 tamen
1537 3665 1538 3669 Ἰ

235 3714 293 3775 pro
318 3693 433 3754 eodem
458 3693 614 3775 Duoyek:
641 3692 776 3753 Machen
801 3706 832 3753 et
857 3692 1048 3772 Huditergh.

341 3799 418 3859 Item
444 3798 606 3859 lohannes
636 3811 745 3858 contra
778 3797 882 3857 Eliam
915 3797 953 3857 ad
988 3812 1060 3858 octo
1085 3797 1152 3858 dies
1184 3796 1303 3875 recepit
1326 3794 1498 3855 termInum

235 3904 275 3966 ad
300 3884 570 3985 respondendum.
1093 3964 1095 3969 ,

341 4009 419 4071 Item
444 4009 552 4070 relicta
578 4008 781 4071 Chezaniche
806 4021 914 4069 contra
941 4007 1084 4087 Dragech
1110 4022 1250 4067 sutorem
1276 4008 1380 4088 prImo
1406 4006 1499 4067 citata

235 4135 300 4176 non
325 4116 514 4196 comparuit.

340 4221 417 4283 Item
450 4240 544 4283 causa
569 4219 686 4297 Enete,
718 4219 880 4281 ValentIni
906 4233 937 4280 et
961 4219 1089 4279 Andree
1123 4232 1169 4279 est
1198 4218 1237 4279 ad
1263 4232 1335 4278 octo
1368 4217 1435 4277 dies
1459 4216 1499 4276 ad

235 4347 345 4409 pacem
370 4339 551 4408 prorogata.

342 4432 419 4493 Item
449 4445 563 4492 octavo
597 4430 647 4491 die
681 4429 834 4492 Clemens
867 4430 1022 4490 litteratus
1053 4450 1084 4491 se
1117 4429 1276 4490 secundus
1298 4443 1405 4489 contra
1439 4427 1499 4487 Mi·

236 4536 378 4598 chaelem
405 4535 533 4597 fratrem
564 4535 692 4596 lectoris
723 4534 840 4614 jurabit
871 4553 966 4615 super
993 4555 1042 4611 eo,
1075 4534 1163 4615 quod
1189 4535 1292 4615 ipsum
1325 4552 1388 4593 non
1415 4533 1499 4593 Ince·

236 4643 333 4724 pisset
356 4661 540 4724 expugnare
564 4640 624 4702 nisi
649 4640 835 4721 peripsum
864 4638 1055 4701 Michaelem
1087 4653 1286 4721 expugnatus
1318 4637 1438 4714 fuisset,
1470 4650 1501 4699 et

236 4748 364 4809 tandem
390 4749 430 4808 ab
454 4746 552 4808 hodie
576 4765 678 4827 usque
703 4745 882 4826 quindenas
913 4745 998 4806 idem
1031 4745 1168 4807 Michael
1200 4763 1259 4826 pro
1284 4743 1415 4804 vulnere
1439 4742 1499 4824 ipsi
