3488 5250
239 304 300 385 316
618 300 818 380 Anno1363.
844 336 884 346 —
908 315 959 379 27.
982 303 1116 363 octobris.

343 514 420 576 ltem
445 527 560 575 octavo
584 513 636 575 die
660 532 740 574 uxor
765 513 867 574 Pouse
891 527 1000 574 contra
1024 513 1167 575 relictam
1189 512 1356 575 Michaelis
1372 513 1500 592 iurabit,

238 619 326 701 quod
336 619 490 702 papulum
500 618 559 680 sibi
569 619 751 681 restitutum
764 617 842 679 olim
858 637 915 700 per
924 619 1026 700 ipsam
1035 618 1190 692 relictam,
1202 619 1262 680 sibi
1274 617 1369 679 fuisse
1379 618 1499 681 datum.

343 725 421 787 ltern
445 726 547 787 Draxe
571 723 713 786 secundo
737 723 850 785 citatus
873 737 982 785 contra
1008 722 1153 785 Cernech
1176 742 1241 786 non
1265 723 1454 806 comparuit.

343 830 420 892 item
446 849 540 893 causa
563 830 672 891 relicte
689 828 779 890 Pauli
804 843 836 890 et
853 828 997 909 Dragech
1015 843 1061 891 est
1084 828 1124 890 ad
1141 842 1215 891 octo
1240 829 1308 891 dies
1331 829 1372 890 ad
1388 849 1499 912 pacem

238 935 385 998 deducta.

342 1041 420 1103 Item
437 1041 545 1104 relicta
562 1039 687 1102 Nicolai
705 1040 744 1100 de
762 1039 951 1101 Baranouch
968 1039 1110 1101 secundo
1127 1040 1222 1102 citata
1246 1053 1356 1102 contra
1370 1040 1499 1101 Kunam
1564 1049 1565 1052 ’

237 1166 303 1207 nnn
330 1147 519 1229 comparuit.

344 1253 423 1314 ltem
448 1252 742 1334 MartinusReyniz
766 1250 985 1312 testimonium
1009 1270 1115 1328 suum,
1131 1251 1220 1332 quod
1244 1264 1353 1312 contra
1379 1248 1501 1331 Grego-

237 1357 321 1419 rium
352 1359 457 1441 primo
489 1358 588 1418 modo
626 1356 802 1439 producere
842 1371 1071 1439 assumpserat,
1102 1356 1270 1439 produxit;
1306 1355 1500 1418 deliberacio

237 1479 345 1526 tamen
369 1465 465 1526 huius
487 1483 580 1526 cause
605 1464 645 1525 ad
669 1462 783 1525 seriam
805 1475 925 1524 sextam
950 1476 996 1523 est
1019 1476 1199 1544 prorogata.

343 1570 421 1631 ltem
446 1570 521 1651 quia
546 1568 685 1632 Michael
708 1569 835 1631 lectoris
859 1568 958 1630 tercio
983 1568 1096 1630 citatus
1120 1582 1228 1631 contra
1261 1566 1442 1629 Johannem
1466 1565 1500 1628 fi-

238 1675 316 1737 liurn
343 1675 505 1738 Christine
530 1694 595 1737 non
619 1675 808 1757 comparuit,
834 1674 908 1736 ideo
932 1674 964 1734 in
996 1673 1123 1735 duobus
1146 1673 1272 1754 judiciis
1296 1673 1448 1734 remansit
1471 1686 1502 1733 et

238 1794 285 1842 est
309 1781 533 1859 deliberatum,
557 1780 646 1863 quod
670 1782 694 1842 si
719 1794 834 1842 octavo
858 1780 911 1841 die
935 1779 994 1860 jus,
1026 1799 1090 1861 quo
1115 1779 1275 1841 mediante
1300 1779 1434 1840 domum
1461 1777 1501 1839 de

238 1905 300 1967 qua
326 1887 451 1967 questio
475 1887 589 1969 agitur,
613 1906 677 1948 non
701 1887 869 1968 producet,
898 1899 974 1947 tunc
998 1886 1058 1967 ipsi
1083 1884 1220 1947 Johanni
1244 1898 1409 1947 statuetur.

343 1992 422 2055 ltem
454 2013 546 2055 causa
580 1992 728 2075 Gregorii
760 2006 869 2055 contra
900 1991 1064 2054 Donatum
1094 2006 1140 2053 est
1171 1993 1210 2053 ad
1244 1990 1356 2053 leriam
1380 2005 1501 2053 sextam

238 2113 420 2181 prorogata.

345 2204 422 2268 ltem
448 2225 541 2267 causa
566 2205 721 2266 Johannis
744 2205 873 2266 sartoris
897 2217 1005 2265 contra
1023 2204 1126 2286 Ztoyk
1149 2203 1295 2265 similiter
1319 2216 1501 2286 prorogata.

344 2309 422 2372 Item
447 2309 569 2390 judices
593 2310 717 2392 antiqui
742 2329 869 2370 causam
894 2329 949 2390 per
974 2309 1144 2371 Nicolaum
1176 2309 1307 2371 Jurizlai
1332 2309 1364 2371 in
1389 2328 1502 2370 eorum

237 2415 435 2497 presenciam
468 2415 660 2497 appellatam
694 2414 798 2477 taliter
832 2415 1067 2493 adiudicarunt,
1099 2414 1187 2496 quod
1211 2415 1264 2477 die
1296 2429 1409 2476 octavo
1434 2416 1501 2496 ipse

238 2520 392 2581 Nicolaus
416 2534 525 2582 contra
561 2520 638 2581 luan
672 2520 881 2598 cirologicum
913 2539 1008 2602 super
1039 2539 1088 2598 eo,
1112 2520 1200 2602 quod
1233 2520 1399 2582 columbas
1421 2519 1501 2583 inte-

238 2640 377 2708 remptas
401 2625 461 2687 sibi
486 2625 663 2707 dampnum
688 2626 898 2708 inpendentes
922 2626 1082 2707 reperiens
1106 2626 1326 2689 interemisset.

344 2731 421 2793 item
445 2731 599 2793 Nicolaus
631 2731 794 2812 quondam
819 2731 915 2813 judex
939 2744 1026 2793 actor
1061 2732 1197 2793 existens
1232 2745 1341 2793 contra
1372 2731 1501 2813 Endrey

197 2899 200 2904 ,
237 2837 443 2919 pannicidam
468 2837 624 2917 legittime
650 2851 868 2918 expectantem
893 2856 958 2898 non
992 2838 1089 2915 venit,
1113 2858 1171 2899 nec
1195 2857 1393 2919 quemquam
1416 2836 1503 2898 misit

238 2942 277 3002 ad
302 2942 475 3022 agendum.

346 3048 424 3109 ltem
449 3066 541 3108 causa
566 3046 732 3109 Michaelis
755 3048 870 3109 sutoris
895 3062 1003 3109 contra
1021 3048 1148 3109 Petrum
1173 3053 1367 3111 frenatorem
1391 3062 1437 3109 est
1461 3047 1501 3108 ad

239 3153 351 3214 feriam
375 3167 495 3214 sextam
520 3151 666 3214 deducta.

344 3259 423 3320 Item
440 3258 615 3319 Ztrelarich
639 3273 748 3321 contra
773 3259 818 3322 St.
843 3260 883 3320 ad
917 3272 990 3320 octo
1015 3259 1082 3320 dies
1105 3260 1279 3321 terminum
1311 3239 1430 3342 recepit
1453 3279 1501 3320 re·

239 3363 432 3445 spondendi

353 3596 450 3670 Feria
478 3611 578 3671 sexta
607 3605 763 3690 proxima
792 3613 870 3674 ante
898 3603 1021 3674 festum
1050 3604 1203 3692 Symonis
1231 3614 1264 3674 et
1290 3604 1385 3693 Jude.

765 3754 826 3829 (27.
850 3754 991 3829 octobris).

343 3889 451 3950 Primo
477 3890 612 3952 Michael
637 3890 725 3953 faber
749 3906 858 3954 contra
885 3891 1053 3955 dominum
1076 3893 1306 3955 dubichensem
1330 3895 1433 3977 primo
1458 3895 1500 3955 ci-

239 4008 323 4056 tatus
347 4015 411 4056 non
437 3998 624 4078 comparuit.

344 4101 422 4163 Item
447 4116 560 4163 octavo
583 4103 634 4164 die
652 4104 804 4165 Nicolaus
823 4105 971 4166 sacerdos
996 4125 1096 4186 nepos
1112 4105 1267 4166 iohannis
1284 4105 1500 4167 archidiaconi

241 4207 358 4288 jurabit
382 4221 491 4268 contra
509 4208 586 4286 Cus,
610 4208 698 4290 quod
715 4223 838 4270 tantum
863 4210 1003 4272 decimas
1024 4231 1096 4271 suas
1120 4212 1275 4293 receperit
1299 4211 1337 4273 de
1362 4210 1500 4293 (a)cervo

240 4312 339 4393 ipsius
363 4310 430 4373 Cus
455 4327 485 4374 et
509 4333 574 4374 non
598 4315 746 4376 aliorum.

347 4416 423 4479 item
450 4419 481 4479 in
507 4420 679 4500 quindenis
703 4419 770 4481 Cus
802 4418 940 4481 carnifex
973 4421 1067 4483 debet
1098 4422 1222 4484 solvere
1255 4422 1355 4485 Paulo
1387 4423 1501 4504 pictori

240 4523 310 4584 Xlll
336 4544 459 4605 pensas,
484 4545 563 4607 quas
586 4526 611 4587 si
636 4545 701 4587 non
726 4527 837 4603 solvet,
863 4525 996 4608 duplam
1020 4528 1167 4590 incurret.

345 4630 423 4694 Item
448 4632 515 4693 luri
538 4632 626 4692 testis
649 4651 705 4714 per
722 4631 905 4693 Janzlinum
931 4633 1103 4715 Krupicich
1121 4648 1231 4695 contra
1249 4632 1407 4696 famulum
1431 4634 1501 4696 Jur-

240 4733 319 4813 glini
342 4736 517 4818 productus
539 4736 729 4814 testificavit,
765 4737 853 4819 quod
877 4737 943 4820 ipse
972 4738 1105 4800 vidisset
1129 4759 1202 4801 cum
1226 4739 1312 4801 idem
1336 4738 1502 4802 Janzlinua
