3488 5250
655 331 740 389 Anno
764 328 856 408 1363.
881 364 922 374 -
947 326 1001 391 28.
1027 332 1140 406 aprilis.
1463 329 1526 411 267

263 436 438 443 ——-..-—
450 437 489 443 --

368 540 447 603 Item
473 559 567 601 csusa
585 540 713 601 Martini
738 555 769 602 et
786 541 913 602 Andree
930 540 1023 622 jurati
1048 554 1096 603 est
1119 540 1159 602 ad
1176 556 1249 603 octo
1273 542 1341 603 dies
1358 542 1398 604 ad
1415 561 1526 623 pacem

261 658 443 728 prorogata.

369 751 447 812 Item
472 770 566 813 causa
598 749 731 832 Georgii
762 750 933 830 aurifabri,
964 751 1021 814 filii
1047 752 1205 814 Fifentich
1238 767 1268 816 et
1292 753 1403 815 Jacobi
1428 753 1526 815 Pinti-

262 856 364 940 kachy
389 857 498 919 estad
523 855 635 918 feriam
660 871 805 939 quartam
829 874 1011 941 prorogata.

369 963 447 1025 Item
472 962 684 1024 deliberatum
709 976 765 1041 est,
791 976 824 1024 ut
847 964 873 1025 si
898 965 1029 1045 quando
1057 965 1210 1048 temporis
1235 963 1395 1045 Georgius
1419 964 1526 1026 Filen-

262 1068 349 1131 thich
375 1068 528 1130 residebit
543 1068 575 1129 iu
600 1069 738 1147 civitate,
761 1082 837 1131 tunc
855 1070 899 1133 St.
916 1069 1076 1132 aurifaber
1093 1071 1207 1152 exequi
1226 1071 1343 1152 poterit
1366 1070 1526 1152 jussuum

263 1191 372 1236 contra
397 1175 536 1236 eundem
561 1173 684 1255 justicia
709 1174 880 1239 mediante.

366 1281 461 1359 Nota,
486 1280 573 1361 quod
599 1280 749 1360 magister
773 1279 935 1342 Iohannes
959 1281 1092 1363 Crispus
1116 1282 1289 1343 canonicus
1311 1281 1527 1364 zagrabiensis

261 1406 319 1469 pro
344 1384 575 1448 hereditatibus
607 1400 638 1447 et
667 1387 925 1466 possessionibus
955 1387 1038 1449 Petri
1073 1387 1200 1449 litterati
1237 1387 1388 1449 avunculi
1412 1387 1459 1448 sui
1493 1386 1526 1448 iu

261 1505 371 1553 nostro
394 1491 554 1552 territorIo
578 1489 705 1568 habitis,
729 1505 838 1552 contra
862 1490 944 1553 filios
968 1491 1114 1574 Olyuerii
1140 1505 1172 1554 et
1203 1492 1389 1573 magistrum
1414 1491 1526 1553 Domi-

261 1597 370 1658 nicum
394 1595 523 1657 fratrem
558 1594 738 1657 Leustachii
774 1598 847 1658 bani
879 1598 1056 1659 secundum
1089 1597 1178 1679 quod
1207 1597 1238 1657 in
1271 1596 1526 1679 privilegIaIibus

260 1703 375 1764 litteris
398 1702 514 1764 nostris
537 1721 633 1784 super
657 1702 748 1764 dIctis
771 1705 1029 1784 possessionibus
1062 1719 1093 1766 et
1117 1703 1347 1794 hereditatibus
1372 1703 1411 1765 de
1435 1702 1525 1784 regio

260 1809 437 1870 literatorio
453 1807 606 1869 mandato
624 1807 777 1870 confectis
789 1809 916 1889 plenius
932 1810 1124 1888 continetur,
1146 1830 1163 1871 a
1180 1808 1258 1871 feria
1275 1823 1362 1871 sexta
1379 1809 1525 1890 proxIma

259 1927 333 1996 post
356 1912 472 1976 festum
497 1914 593 1976 Pasce
617 1913 741 1981 domini
766 1935 852 1976 nunc
876 1916 1064 1997 preteritum
1089 1935 1191 1997 usque
1207 1915 1293 1976 diem
1319 1914 1428 1995 judicii
1454 1933 1524 1996 pre·

259 2033 383 2083 sentem
420 2020 453 2081 in
486 2020 646 2082 continuis
676 2021 777 2082 tribus
805 2022 951 2083 terminis
979 2022 1018 2083 de
1049 2022 1212 2104 antiquata
1246 2021 1525 2083 consvetudinsria

260 2140 367 2188 nostra
381 2127 451 2206 Iege
476 2146 513 2186 ex
536 2125 831 2208 superhabundanti
849 2128 1026 2209 assignatis,
1045 2128 1200 2208 legittime
1217 2128 1302 2190 stetit
1326 2128 1358 2188 in
1383 2127 1523 2189 termino

260 2251 367 2294 coram
394 2232 504 2308 nobis;
528 2230 719 2313 quiquidem
742 2230 800 2293 filii
826 2231 971 2315 Olyuerii
993 2253 1051 2294 nec
1076 2233 1226 2314 magister
1250 2232 1440 2295 Dominicus
1464 2250 1523 2293 nec

259 2358 372 2421 perse
396 2338 606 2420 personaliter
631 2357 689 2399 nec
713 2357 768 2419 per
791 2354 1031 2420 procuratorem
1056 2340 1106 2400 vel
1130 2354 1352 2421 procuratores
1375 2342 1407 2400 iu
1431 2338 1524 2401 nullo

260 2443 402 2525 Ipsorum
427 2444 638 2505 terminorum
655 2463 719 2505 non
745 2459 902 2506 venerunt
919 2465 977 2507 nec
993 2446 1160 2524 miserunt,
1184 2465 1242 2507 nec
1267 2464 1429 2526 qucquam
1454 2443 1523 2525 jura

259 2569 315 2611 seu
340 2550 550 2611 Instrumenta
575 2550 790 2630 possessiones
814 2550 972 2632 predictas
996 2566 1027 2613 et
1043 2551 1234 2613 hereditates
1258 2551 1425 2631 tangencia
1450 2569 1522 2632 pro·

260 2656 428 2733 duxerunt,
460 2675 515 2736 per
547 2669 669 2737 partem
695 2655 862 2717 adversam
890 2656 1046 2739 legittime
1070 2670 1105 2719 ut
1135 2657 1328 2739 premittitur
1357 2656 1524 2739 expectati,

260 2761 344 2822 unde
383 2761 496 2823 eedem
536 2761 751 2842 possessiones
784 2775 815 2824 et
846 2761 1037 2824 hereditates
1068 2763 1179 2844 vigore
1211 2761 1351 2824 mandati
1387 2761 1521 2844 predicti

258 2867 344 2928 iuxta
376 2867 516 2948 ipsarum
547 2867 782 2929 continenciam
815 2868 991 2930 litterarum
1026 2883 1099 2930 sunt
1135 2867 1314 2948 adjudicate
1350 2868 1408 2949 ipsi
1455 2887 1523 2930 ma·

258 2974 359 3055 gistro
385 2972 522 3034 Iohanni
546 2986 702 3054 perpetuo
726 2972 930 3055 possidende.

367 3078 442 3139 Item
469 3097 569 3160 usque
593 3091 741 3140 octavum
767 3078 855 3139 diem
878 3079 903 3138 si
929 3077 1088 3160 Georgius
1106 3078 1237 3141 Gianini
1262 3079 1356 3140 Petro
1381 3079 1521 3161 piliatori

259 3183 299 3245 de
323 3183 442 3264 judicio
466 3183 545 3244 alias
569 3202 716 3264 expresso
740 3183 920 3262 satisfaciet,
953 3186 1034 3247 bene
1059 3185 1210 3266 quidem,
1234 3186 1285 3247 vel
1310 3185 1522 3247 amicabiliter

260 3304 433 3372 componet
456 3308 530 3350 cum
555 3289 688 3367 eodem,
721 3290 799 3350 alius
833 3310 890 3371 pro
924 3291 992 3372 ipso
1024 3290 1144 3371 judicio
1176 3291 1392 3372 possessiones
1423 3291 1523 3373 ipsius

259 3396 363 3458 eidem
393 3409 580 3459 statuentur.

363 3502 441 3563 Item
466 3514 579 3563 octavo
603 3501 655 3563 die
672 3501 817 3563 Thomas
841 3515 950 3563 contra
968 3503 1011 3564 M.
1026 3503 1062 3564 L.
1079 3502 1196 3581 jurabit
1218 3523 1251 3565 se
1276 3516 1408 3584 quartus
1424 3523 1520 3584 super

261 3629 312 3687 eo,
336 3608 424 3690 quod
448 3607 605 3691 quosdam
630 3610 729 3670 boves
751 3627 826 3669 suos
858 3608 1034 3690 dampnum
1066 3610 1126 3670 sibi
1159 3608 1309 3670 facientes
1341 3609 1522 3690 recepisset,

258 3730 289 3777 et
312 3717 354 3777 ob
379 3715 478 3797 ipsam
503 3715 723 3798 receptionem
741 3714 840 3776 iidem
864 3716 962 3776 boves
982 3714 1105 3776 nullam
1129 3714 1345 3777 infirmitatem
1369 3734 1425 3776 seu
1448 3734 1520 3796 gra·

258 3841 372 3883 vamen
398 3820 594 3899 incidissent,
618 3840 676 3882 nec
701 3821 768 3902 ipse
793 3819 969 3903 dampnum
995 3822 1220 3904 subportasset.

366 3928 443 3989 Item
468 3939 582 3989 octavo
607 3925 658 3988 die
688 3931 782 3987 Anna
812 3927 956 3988 servitrix
985 3926 1113 3988 Thome
1138 3928 1177 3987 de
1203 3926 1379 4009 Oporouch
1411 3941 1521 3989 contra

258 4033 397 4095 eundem
422 4033 585 4093 Thomam
609 4052 642 4093 se
665 4044 751 4094 sexta
776 4031 904 4111 jurabit,
935 4033 1120 4113 quodcum
1153 4034 1249 4094 nullis
1272 4034 1337 4094 suis
1361 4032 1457 4094 bonis
1480 4034 1520 4094 ab

258 4159 296 4200 eo
321 4140 478 4201 exulasset
500 4157 558 4200 nec
582 4137 642 4198 sibi
667 4137 845 4219 dampnum
870 4139 1036 4200 intulisset.

364 4244 441 4305 Item
467 4243 622 4305 Martinus
639 4244 763 4326 Reyniz
781 4257 890 4305 contra
908 4244 1063 4305 Mathiam
1088 4245 1261 4307 litteratum
1279 4247 1383 4327 primo
1408 4246 1521 4307 citatus

257 4369 322 4411 non
347 4350 536 4431 comparuit.

362 4455 441 4517 Item
466 4475 545 4516 uxor
568 4453 625 4515 filii
652 4453 729 4514 Suik
755 4469 864 4516 contra
890 4456 1074 4538 Krykauam
1100 4458 1203 4538 primo
1225 4459 1317 4519 citata
1343 4477 1407 4518 non
1433 4477 1519 4520 com·

256 4561 371 4644 paruit.

362 4666 440 4728 Item
462 4665 668 4728 commissum
701 4681 758 4745 est,
791 4680 824 4730 ut
855 4668 962 4730 Petres
993 4669 1132 4731 carnifex
1163 4685 1283 4752 septem
1317 4686 1347 4733 et
1379 4671 1519 4733 mediam

257 4792 397 4834 marcam
421 4772 524 4835 solvet
548 4772 642 4834 Petro
666 4773 791 4835 literato
815 4793 874 4855 pro
891 4777 999 4856 precIo
1023 4776 1139 4837 domus
1164 4794 1194 4839 et
1218 4778 1353 4840 domum
1378 4778 1520 4855 habebit,
