3488 5250
590 345 792 423 Anno1359.
816 377 859 385 -
882 355 930 418 25.
955 342 1084 402 octobris.
1412 358 1470 421 ¹43

312 555 393 617 ltem
417 554 612 638 Meynardue
628 567 738 616 contra
756 571 889 615 uxorem
905 552 1087 635 Dragozlay
1110 551 1252 614 secundo
1277 552 1390 613 citatus
1406 570 1470 613 nou

208 660 399 743 comparuit,
423 660 542 742 recepit
564 659 738 720 terminum
761 657 800 719 ad
826 672 899 719 octo
928 657 1006 719 dies.

313 766 392 828 ltem
417 764 562 829 Cerneclr
587 763 742 826 Zelezche
767 776 877 826 contra
908 764 1108 826 Hermanum
1141 763 1245 846 primo
1269 765 1382 826 citatus
1406 782 1470 826 non
1581 762 1584 770 '

207 884 397 954 comparuit.

314 977 391 1040 Item
428 977 594 1038 Farcaaius
629 974 719 1038 laber
753 988 863 1037 contra
898 974 1083 1036 Kralicham
1117 975 1223 1057 primo
1259 975 1371 1037 citatus
1406 993 1470 1036 non

206 1083 397 1166 comparuit.

312 1189 392 1251 ltem
415 1189 490 1271 quia
515 1188 623 1250 relicta
651 1188 830 1250 Martinlrua
853 1206 986 1249 uxorem
1016 1188 1131 1269 Artuig
1161 1187 1364 1269 vituperavit,
1395 1206 1471 1248 con·

205 1295 349 1357 victaeat
372 1295 404 1356 in
429 1294 555 1355 duabus
577 1294 693 1355 marcia
707 1312 766 1375 pro
788 1292 913 1371 eadem,
938 1306 969 1355 et
993 1293 1024 1354 in
1042 1292 1147 1355 media
1163 1312 1222 1374 pro
1246 1291 1352 1368 judice
1369 1311 1470 1375 usque

208 1401 394 1483 quindecim
419 1400 487 1462 dies
510 1400 664 1461 solutura.

312 1506 389 1568 ltem
414 1506 490 1588 quia
515 1505 668 1568 Nicolaus
690 1518 792 1566 sartor
808 1524 939 1566 uxorem
961 1504 1127 1565 Jakmonis
1138 1503 1342 1585 vituperavit,
1365 1501 1469 1564 solvet

206 1630 308 1693 usque
332 1611 518 1693 quindecim
542 1610 610 1671 dies
632 1629 730 1672 unam
754 1628 894 1671 marcam
919 1622 950 1670 et
973 1609 1114 1671 mediam
1138 1608 1246 1688 judici.

312 1717 390 1778 Item
414 1717 496 1778 Vole
522 1731 630 1779 contra
648 1715 727 1778 Wllr
744 1715 914 1798 lapicidam
940 1715 1044 1798 primo
1065 1714 1178 1776 citatus
1195 1733 1260 1776 non
1278 1712 1468 1796 comparuit.

207 1918 302 2006 Nota,
331 1919 419 2008 quod
447 1918 533 1990 leria
561 1931 660 1989 sexta
687 1921 842 2006 proxima
864 1929 943 1988 ante
969 1916 1093 1988 lestunr
1113 1919 1298 1988 ,beatorum
1316 1916 1470 2004 Symonis

626 2047 660 2112 et
691 2040 777 2131 Jnde
805 2041 1045 2147 apostolorum.

729 2201 791 2270 (25.
813 2193 952 2267 octobn's).

310 2351 420 2411 Primo
452 2349 614 2412 lohannes
652 2363 753 2411 sartor
784 2363 893 2411 contra
928 2350 1041 2410 Katarn
1074 2347 1114 2408 ad
1146 2361 1219 2409 octo
1251 2347 1320 2410 dies
1352 2347 1470 2429 recepit

206 2457 380 2519 terminum
405 2457 446 2517 od
470 2455 743 2538 reapondendum.

313 2563 390 2626 ltem
408 2562 553 2624 Andreas
564 2561 652 2624 labar
666 2576 775 2624 contra
792 2562 935 2625 Blasium
950 2562 1054 2643 primo
1069 2562 1181 2623 citatus
1197 2580 1262 2623 noo
1280 2561 1470 2643 comparuit.

313 2670 390 2731 ltem
416 2666 496 2730 inlra
513 2668 700 2749 quindecim
717 2668 785 2729 dies
801 2667 928 2729 Milcech
946 2667 1082 2750 Kaplich
1098 2680 1225 2729 tenetur
1248 2666 1324 2729 dare
1348 2667 1468 2729 Jacobo

207 2773 388 2838 Patriarche
413 2793 513 2836 unum
538 2774 663 2836 coclear
680 2789 867 2855 argenteum
884 2774 1050 2836 consimile
1069 2773 1205 2835 cocleari
1230 2773 1331 2855 ipaiua
1347 2773 1468 2852 Jacobi,

205 2882 327 2963 etipse
351 2882 377 2944 J.
403 2881 508 2943 eidem
532 2880 592 2942 XX
616 2880 775 2944 denarios.

261 3004 264 3008 ·
310 2988 387 3049 ltem
414 3006 515 3068 usque
546 2987 732 3068 quindecim
764 2986 833 3048 dies
864 2985 996 3048 domina
1021 2986 1162 3048 Blancha
1192 2999 1319 3048 tenetur
1342 2986 1466 3047 solvere

203 3092 377 3155 Valentino
401 3092 557 3153 sacerdoti
575 3092 719 3154 debitum
744 3112 811 3174 quo
826 3092 886 3154 sibi
903 3106 1042 3170 tenetur,
1058 3106 1089 3154 et
1105 3093 1289 3154 Demetrius
1304 3093 1330 3154 ll
1347 3112 1468 3154 marcas

205 3198 352 3261 similiter
376 3198 482 3260 eidem
508 3218 608 3280 usque
633 3198 773 3260 eundem
795 3198 981 3260 terminum.

309 3304 387 3364 ltem
412 3302 557 3365 Cernech
584 3303 739 3364 Zelezche
756 3316 856 3385 uaqu'e
881 3316 954 3365 octo
971 3302 1040 3365 dies
1060 3317 1187 3366 tenetur
1203 3303 1353 3366 exhibere
1370 3323 1465 3386 super

205 3410 345 3493 quadam
369 3424 463 3488 terra,
486 3428 582 3491 quarn
609 3409 703 3471 luech
728 3410 828 3472 Piulre
853 3429 920 3471 esse
945 3409 1082 3488 dicebat,
1113 3424 1144 3472 et
1168 3409 1351 3472 Lulrachiua
1373 3421 1467 3472 teata·

204 3529 360 3577 mentum.

309 3621 385 3682 Item
411 3621 577 3682 Farcasius
608 3619 698 3683 faber
722 3635 831 3683 contra
862 3621 1057 3704 Kralycham
1087 3622 1126 3684 ad
1160 3636 1234 3684 octo
1258 3623 1326 3685 dies
1349 3623 1468 3707 recepit

202 3722 376 3789 terminum
402 3727 440 3789 ad
465 3727 738 3808 respondendum.

308 3831 386 3893 ltem
410 3832 571 3894 lohannes
594 3832 740 3894 Zlatolaz
762 3845 871 3894 contra
896 3831 1075 3914 Georgium
1099 3833 1133 3895 Z.
1158 3833 1314 3896 similiter.

307 3938 386 4000 ltem
411 3940 549 4001 lacobus
580 3938 710 4001 Zirotka
742 3953 851 4001 contra
877 3939 1054 4022 Symooem
1085 3939 1126 3999 ad
1150 3953 1224 4000 octo
1256 3939 1325 4000 dies
1348 3940 1467 4022 recepit

200 4043 374 4104 terminum
400 4043 440 4105 ad
463 4044 737 4126 respondendum.

207 4166 209 4169 ’
307 4148 385 4210 ltem
412 4148 561 4227 Michael,
584 4148 769 4211 Anthoniua
792 4163 822 4211 et
846 4149 941 4211 lueclr
970 4166 1079 4211 contra
1105 4149 1282 4231 Georgium
1310 4149 1466 4213 Ztaunich

202 4253 242 4315 ad
267 4267 340 4315 octo
365 4255 433 4315 dies
456 4267 644 4338 receperunt
667 4256 841 4317 terminum
864 4255 904 4316 ad
930 4255 1201 4336 respondendum.

307 4359 386 4421 ltem
419 4360 572 4421 Nicolaua
604 4359 797 4422 Zrebrniclra
826 4375 937 4422 contra
970 4360 1045 4421 luan
1077 4360 1219 4422 secundo
1251 4362 1364 4423 citatus
1399 4381 1464 4424 non

202 4466 391 4548 comparuit.

202 4594 206 4601 ·
309 4570 1465 4655 ltemPaulualabercontrafiliumArneyprimocitatusnoncomparuit.

202 4716 204 4722 ,
308 4676 385 4738 ltem
412 4676 592 4738 Hanzlinus
616 4690 725 4739 contra
743 4677 872 4759 Endrey
895 4677 935 4739 ad
960 4692 1033 4739 octo
1058 4677 1125 4739 dies
1148 4679 1269 4761 recepit
1291 4679 1465 4742 terminum

202 4777 244 4840 ad
267 4781 540 4864 respondendum.
