3488 5250
254 344 314 403 ¹54
614 324 699 380 Anno
719 333 810 398 1359.
835 355 877 364 —
900 335 949 381 10.
980 320 1142 382 decembris.

355 534 434 596 Item
459 531 637 595 Gulachich
661 531 803 593 secundo
828 531 940 591 citatus
964 549 1029 591 non
1062 533 1250 611 comparuit.

356 639 432 700 Item
450 638 603 700 ¹Andreas
627 638 678 699 die
703 651 816 698 octavo
841 649 950 697 contra
975 637 1014 698 N.
1039 635 1135 698 debet
1158 636 1363 719 respondere.

355 745 433 807 Item
450 744 606 805 Wlkman
624 742 862 804 molendinator
880 755 990 803 contra
1009 742 1178 803 dominum
1196 740 1352 804 Gerinum
1370 742 1513 803 secundo

251 853 364 915 citatus
388 871 454 912 non
483 851 672 931 comparuit.

357 956 434 1018 Item
459 956 650 1017 Dominicus
674 968 782 1017 contra
801 956 839 1015 N.
857 955 959 1016 Zenar
975 954 1080 1035 primo
1104 954 1217 1014 citatus
1233 972 1300 1014 non
1324 953 1515 1033 comparuit.

356 1062 434 1123 Item
458 1061 593 1122 Wlkota
618 1074 727 1122 contra
752 1061 908 1122 iacobum
932 1060 1037 1141 primo
1055 1059 1167 1120 citatus
1192 1078 1255 1119 non
1282 1057 1470 1140 comparuit.

359 1167 437 1228 item
469 1166 509 1228 N.
541 1180 641 1228 sartor
673 1179 782 1227 contra
814 1166 951 1226 Paulum
982 1165 1138 1247 pictorem
1170 1165 1275 1246 primo
1306 1165 1419 1226 citatus
1448 1183 1514 1226 non

251 1274 440 1356 comparuit.

357 1380 436 1441 Item
461 1377 644 1438 Radozlaus
668 1391 778 1438 contra
796 1377 905 1438 Pauko
925 1377 1030 1458 primo
1055 1377 1168 1439 citatus
1192 1396 1256 1438 non
1281 1375 1470 1458 comparuit.

358 1485 436 1545 Item
460 1482 653 1544 Benedictus
677 1482 857 1563 selliparius
873 1482 1022 1564 probavit
1046 1502 1118 1543 cum
1142 1483 1327 1544 testimonio
1350 1480 1515 1563 fidedigno

251 1591 387 1652 duarum
411 1607 622 1671 personarum
647 1601 757 1649 contra
781 1588 878 1666 Iwan,
903 1587 976 1649 ideo
993 1589 1098 1668 primo
1123 1588 1243 1649 iudicio
1261 1587 1383 1648 iudices
1399 1584 1516 1647 sacient

251 1696 311 1757 sibi
335 1695 466 1777 plenam
487 1693 656 1755 iusticiam.

358 1800 436 1861 item
449 1799 632 1860 Demetrius
645 1814 753 1860 contra
767 1800 802 1861 P.
817 1798 940 1861 Gedich
954 1799 1095 1861 secundo
1117 1799 1231 1860 citatus
1247 1817 1312 1860 non
1326 1794 1515 1877 comparuit.

361 1904 439 1966 Item
463 1905 643 1966 Domianus
667 1920 776 1967 contra
801 1906 969 1967 Marenum
994 1905 1099 1986 primo
1116 1905 1229 1966 citatus
1244 1923 1310 1965 non
1327 1901 1517 1984 comparuit.

361 2011 439 2073 item
464 2011 541 2072 Petk
565 2025 674 2072 contra
699 2011 838 2072 eundem
863 2011 966 2092 primo
995 2011 1108 2072 citatus
1131 2029 1197 2071 non
1221 2008 1410 2090 comparuit.

358 2117 437 2178 Item
462 2117 623 2178 Martinko
646 2130 757 2178 contra
783 2117 816 2177 P.
842 2114 969 2178 Godich
985 2117 1090 2197 primo
1115 2115 1228 2176 citatus
1244 2134 1310 2175 non
1326 2111 1516 2194 comparuit.

359 2222 438 2283 item
462 2222 550 2283 Elias
573 2241 689 2302 parvus
713 2222 818 2303 primo
835 2222 955 2283 iudicio
972 2222 1129 2283 adventus
1152 2220 1276 2281 domini
1301 2218 1386 2280 Petri
1402 2216 1517 2279 iudicis

253 2342 363 2391 contra
388 2329 558 2389 Muranum
582 2327 677 2388 Zolar
701 2326 797 2387 debet
821 2326 1025 2408 respondere.

359 2433 437 2494 Item
462 2433 600 2494 Jacobus
624 2433 698 2493 Kun
730 2446 839 2494 contra
872 2432 1108 2494 Lancholotum
1140 2431 1281 2493 secundo
1313 2429 1427 2491 citatus
1450 2447 1517 2489 non

253 2539 443 2620 comparuit.

360 2643 438 2705 Item
470 2643 622 2704 Thomko
655 2643 706 2704 die
738 2643 981 2724 quintodecimo
1013 2643 1110 2705 debet
1140 2643 1264 2704 solvere
1299 2640 1452 2702 Chureno
1476 2637 1515 2699 111

254 2769 369 2832 pensas
393 2748 500 2809 minus
523 2767 589 2809 uno
613 2748 780 2829 (denario),
803 2750 878 2830 quia
901 2768 997 2831 super
1020 2769 1072 2809 eas
1095 2748 1219 2826 juravit.

308 2966 403 3044 Nota.
432 2966 519 3054 quod
546 2968 655 3037 tercia
683 2966 768 3038 teria
795 2969 950 3056 proxima
977 2975 1054 3056 post
1081 2968 1204 3038 testum
1232 2964 1464 3053 Concepcionis

744 3090 839 3161 beate
866 3093 1021 3178 virginis.

762 3251 823 3317 (10.
847 3243 1018 3318 decembris).

363 3383 471 3444 Primo
496 3401 588 3442 causa
613 3400 675 3461 que
698 3383 831 3444 vertitur
855 3384 936 3444 inter
963 3381 1128 3443 Andream
1152 3394 1183 3441 et
1206 3378 1377 3440 Nicolaum
1401 3377 1518 3439 ruffum
1580 3438 1586 3448 ,

256 3487 297 3551 ad
324 3502 397 3549 octo
421 3487 489 3548 dies
513 3487 553 3548 ad
576 3506 687 3569 pacem
712 3502 759 3550 est
781 3503 962 3570 prorogata.

364 3593 441 3653 item
467 3592 619 3653 Nicolaus
643 3595 803 3674 organista
834 3608 943 3655 contra
975 3593 1118 3654 relictam
1151 3591 1280 3652 Thome
1311 3589 1440 3650 sartoris
1470 3607 1518 3649 se·

257 3697 365 3760 cundo
390 3698 503 3759 citatus
527 3717 592 3759 non
616 3700 806 3781 comparuit.

363 3803 441 3864 Item
466 3822 559 3864 causa
584 3802 715 3884 Georgii
739 3804 894 3866 Ztaunicb
919 3818 949 3865 et
981 3804 1112 3864 Henrici
1137 3801 1282 3883 pellificis
1305 3820 1407 3881 usque
1431 3799 1518 3862 diem

258 3922 408 3978 octavum
431 3909 472 3969 ad
495 3928 606 3990 pacem
631 3924 677 3971 est
700 3925 881 3993 prorogata.

363 4014 441 4075 ltem
465 4014 587 4096 Chegel
611 4030 721 4076 contra
743 4015 835 4076 Jarcb
860 4016 911 4076 die
935 4028 1049 4075 octavo
1073 4015 1168 4075 debet
1192 4011 1396 4094 respondere.

365 4119 443 4180 ltem
466 4140 561 4202 super
584 4119 666 4182 facto
684 4121 783 4182 debiti
808 4121 962 4182 iohannis
978 4120 1076 4181 villici
1099 4121 1161 4181 vici
1179 4120 1367 4181 Latinorum
1384 4131 1416 4180 et
1431 4118 1517 4179 Iwan

259 4224 398 4286 Plauech
422 4225 462 4286 ad
493 4226 675 4306 ponendam
710 4227 871 4288 racionem
903 4245 1003 4306 usque
1036 4239 1163 4287 octavas
1193 4226 1365 4286 terminum
1390 4243 1517 4305 recepe-

259 4344 349 4406 runt;
373 4332 475 4411 posita
499 4332 659 4412 siquidem
688 4332 827 4410 racione,
848 4332 873 4392 si
898 4332 984 4392 idem
1015 4331 1100 4392 Iwan
1125 4331 1302 4392 remanebit
1326 4331 1431 4390 eidem
1463 4329 1517 4390 de·

260 4433 354 4512 bitor,
378 4435 463 4497 dicto
488 4450 601 4497 octavo
625 4436 677 4497 die
701 4437 824 4497 solvere
849 4436 1018 4498 tenebitur.

366 4541 442 4602 item
468 4543 555 4602 Kusa
579 4554 688 4603 contra
712 4542 846 4602 llianam
870 4542 975 4623 primo
999 4541 1092 4604 citata
1116 4560 1181 4602 non
1204 4540 1392 4622 comparuit.

366 4647 442 4707 Item
468 4648 502 4708 P.
527 4647 676 4708 Hozaren
699 4661 809 4708 contra
833 4646 976 4708 Blasium
999 4647 1104 4727 primo
1121 4647 1310 4708 citatusnon
1328 4647 1517 4729 comparuit.

366 4754 444 4815 ltem
469 4756 506 4816 N.
532 4768 632 4816 sartor
658 4766 767 4815 contra
784 4753 920 4815 Paulum
944 4753 1085 4815 secundo
1109 4753 1222 4815 citatus
1238 4772 1303 4814 non
1328 4753 1517 4835 comparuit.
