<?xml version="1.0" encoding="UTF-8"?>
<!DOCTYPE html PUBLIC "-//W3C//DTD XHTML 1.0 Transitional//EN"
    "http://www.w3.org/TR/xhtml1/DTD/xhtml1-transitional.dtd">
<html xmlns="http://www.w3.org/1999/xhtml" xml:lang="en" lang="en">
 <head>
  <title>
</title>
<meta http-equiv="Content-Type" content="text/html;charset=utf-8" />
  <meta name='ocr-system' content='tesseract 3.04.00' />
  <meta name='ocr-capabilities' content='ocr_page ocr_carea ocr_par ocr_line ocrx_word'/>
</head>
<body>
  <div class='ocr_page' id='page_1' title='image "./monumentahistor08laszgoog/monumentahistor08laszgoog_0202.png"; bbox 0 0 3488 5250; ppageno 0'>
   <div class='ocr_carea' id='block_1_1' title="bbox 628 344 1498 426">
    <p class='ocr_par' dir='ltr' id='par_1_1' title="bbox 628 344 1498 426">
     <span class='ocr_line' id='line_1_1' title="bbox 628 344 1498 426; baseline -0.001 -19"><span class='ocrx_word' id='word_1_1' title='bbox 628 350 714 407; x_wconf 84' lang='lat' dir='ltr'>Anno</span> <span class='ocrx_word' id='word_1_2' title='bbox 736 344 828 425; x_wconf 78' lang='lat'>1360.</span> <span class='ocrx_word' id='word_1_3' title='bbox 852 383 896 392; x_wconf 94' lang='lat'>—</span> <span class='ocrx_word' id='word_1_4' title='bbox 918 361 947 424; x_wconf 90' lang='lat'>7.</span> <span class='ocrx_word' id='word_1_5' title='bbox 962 346 1117 426; x_wconf 69' lang='lat' dir='ltr'>junuarii.</span> <span class='ocrx_word' id='word_1_6' title='bbox 1442 365 1498 425; x_wconf 83' lang='lat'>155</span> 
     </span>
    </p>
   </div>
   <div class='ocr_carea' id='block_1_2' title="bbox 238 556 1508 3072">
    <p class='ocr_par' dir='ltr' id='par_1_2' title="bbox 344 556 1503 639">
     <span class='ocr_line' id='line_1_2' title="bbox 344 556 1503 639; baseline -0.003 -19"><span class='ocrx_word' id='word_1_7' title='bbox 344 559 423 621; x_wconf 86' lang='lat' dir='ltr'>Item</span> <span class='ocrx_word' id='word_1_8' title='bbox 448 558 578 621; x_wconf 87' lang='lat' dir='ltr'>Selezce</span> <span class='ocrx_word' id='word_1_9' title='bbox 602 573 711 620; x_wconf 90' lang='lat' dir='ltr'>contra</span> <span class='ocrx_word' id='word_1_10' title='bbox 736 557 914 639; x_wconf 83' lang='lat' dir='ltr'>Georgium</span> <span class='ocrx_word' id='word_1_11' title='bbox 938 557 1042 639; x_wconf 94' lang='lat' dir='ltr'>primo</span> <span class='ocrx_word' id='word_1_12' title='bbox 1068 557 1180 618; x_wconf 90' lang='lat' dir='ltr'>citatus</span> <span class='ocrx_word' id='word_1_13' title='bbox 1211 577 1276 618; x_wconf 89' lang='lat' dir='ltr'>non</span> <span class='ocrx_word' id='word_1_14' title='bbox 1312 556 1503 637; x_wconf 83' lang='lat' dir='ltr'>comparuit.</span> 
     </span>
    </p>

    <p class='ocr_par' dir='ltr' id='par_1_3' title="bbox 238 663 1504 852">
     <span class='ocr_line' id='line_1_3' title="bbox 343 663 1504 744; baseline -0.002 -19"><span class='ocrx_word' id='word_1_15' title='bbox 343 665 422 726; x_wconf 87' lang='lat' dir='ltr'>Item</span> <span class='ocrx_word' id='word_1_16' title='bbox 447 665 536 727; x_wconf 91' lang='lat' dir='ltr'>Bank</span> <span class='ocrx_word' id='word_1_17' title='bbox 562 679 671 726; x_wconf 90' lang='lat' dir='ltr'>contra</span> <span class='ocrx_word' id='word_1_18' title='bbox 703 664 911 726; x_wconf 87' lang='lat' dir='ltr'><strong>Valentinum</strong></span> <span class='ocrx_word' id='word_1_19' title='bbox 943 663 1139 724; x_wconf 84' lang='lat' dir='ltr'>sacerdotem</span> <span class='ocrx_word' id='word_1_20' title='bbox 1172 663 1277 744; x_wconf 91' lang='lat' dir='ltr'>primo</span> <span class='ocrx_word' id='word_1_21' title='bbox 1301 663 1414 723; x_wconf 90' lang='lat' dir='ltr'>citatus</span> <span class='ocrx_word' id='word_1_22' title='bbox 1437 681 1504 723; x_wconf 91' lang='lat' dir='ltr'>non</span> 
     </span>
     <span class='ocr_line' id='line_1_4' title="bbox 238 770 428 852; baseline -0.005 -20"><span class='ocrx_word' id='word_1_23' title='bbox 238 770 428 852; x_wconf 85' lang='lat' dir='ltr'>comparuit.</span> 
     </span>
    </p>

    <p class='ocr_par' dir='ltr' id='par_1_4' title="bbox 238 871 1505 1148">
     <span class='ocr_line' id='line_1_5' title="bbox 343 871 1505 956; baseline -0.004 -19"><span class='ocrx_word' id='word_1_24' title='bbox 343 876 421 937; x_wconf 86' lang='lat' dir='ltr'>Item</span> <span class='ocrx_word' id='word_1_25' title='bbox 454 895 548 937; x_wconf 87' lang='lat' dir='ltr'>causa</span> <span class='ocrx_word' id='word_1_26' title='bbox 581 876 735 937; x_wconf 88' lang='lat' dir='ltr'>Demetrii</span> <span class='ocrx_word' id='word_1_27' title='bbox 773 889 805 937; x_wconf 90' lang='lat' dir='ltr'>et</span> <span class='ocrx_word' id='word_1_28' title='bbox 836 875 919 936; x_wconf 90' lang='lat' dir='ltr'>Petri</span> <span class='ocrx_word' id='word_1_29' title='bbox 954 873 1090 956; x_wconf 87' lang='lat' dir='ltr'>Godych</span> <span class='ocrx_word' id='word_1_30' title='bbox 1127 893 1227 955; x_wconf 88' lang='lat' dir='ltr'>usque</span> <span class='ocrx_word' id='word_1_31' title='bbox 1258 887 1331 936; x_wconf 91' lang='lat' dir='ltr'>octo</span> <span class='ocrx_word' id='word_1_32' title='bbox 1364 873 1432 934; x_wconf 91' lang='lat' dir='ltr'>dies</span> <span class='ocrx_word' id='word_1_33' title='bbox 1464 871 1505 932; x_wconf 89' lang='lat' dir='ltr'>ad</span> 
     </span>
     <span class='ocr_line' id='line_1_6' title="bbox 238 980 1504 1065; baseline -0.002 -23"><span class='ocrx_word' id='word_1_34' title='bbox 238 1001 350 1065; x_wconf 87' lang='lat' dir='ltr'>pacem</span> <span class='ocrx_word' id='word_1_35' title='bbox 375 996 420 1043; x_wconf 88' lang='lat' dir='ltr'>est</span> <span class='ocrx_word' id='word_1_36' title='bbox 443 994 615 1062; x_wconf 84' lang='lat' dir='ltr'>prorogata</span> <span class='ocrx_word' id='word_1_37' title='bbox 639 982 664 1042; x_wconf 91' lang='lat' dir='ltr'>si</span> <span class='ocrx_word' id='word_1_38' title='bbox 688 995 839 1064; x_wconf 87' lang='lat' dir='ltr'>poterunt</span> <span class='ocrx_word' id='word_1_39' title='bbox 863 980 1068 1059; x_wconf 88' lang='lat' dir='ltr'>concordare,</span> <span class='ocrx_word' id='word_1_40' title='bbox 1092 981 1117 1042; x_wconf 86' lang='lat' dir='ltr'>si</span> <span class='ocrx_word' id='word_1_41' title='bbox 1141 995 1247 1042; x_wconf 89' lang='lat' dir='ltr'>autem</span> <span class='ocrx_word' id='word_1_42' title='bbox 1273 999 1350 1057; x_wconf 86' lang='lat' dir='ltr'>non,</span> <span class='ocrx_word' id='word_1_43' title='bbox 1374 980 1504 1061; x_wconf 85' lang='lat' dir='ltr'>plenam</span> 
     </span>
     <span class='ocr_line' id='line_1_7' title="bbox 239 1086 587 1148; baseline -0.003 0"><span class='ocrx_word' id='word_1_44' title='bbox 239 1087 397 1148; x_wconf 86' lang='lat' dir='ltr'>iusticiam</span> <span class='ocrx_word' id='word_1_45' title='bbox 422 1086 587 1148; x_wconf 88' lang='lat' dir='ltr'>faciemus.</span> 
     </span>
    </p>

    <p class='ocr_par' dir='ltr' id='par_1_5' title="bbox 346 1191 1504 1274">
     <span class='ocr_line' id='line_1_8' title="bbox 346 1191 1504 1274; baseline -0.002 -20"><span class='ocrx_word' id='word_1_46' title='bbox 346 1193 422 1255; x_wconf 89' lang='lat' dir='ltr'>Item</span> <span class='ocrx_word' id='word_1_47' title='bbox 450 1193 634 1254; x_wconf 87' lang='lat' dir='ltr'>Radozlaus</span> <span class='ocrx_word' id='word_1_48' title='bbox 658 1206 766 1254; x_wconf 88' lang='lat' dir='ltr'>contra</span> <span class='ocrx_word' id='word_1_49' title='bbox 792 1192 903 1253; x_wconf 87' lang='lat' dir='ltr'>Paulro</span> <span class='ocrx_word' id='word_1_50' title='bbox 927 1192 1069 1253; x_wconf 89' lang='lat' dir='ltr'>secundo</span> <span class='ocrx_word' id='word_1_51' title='bbox 1094 1193 1207 1254; x_wconf 95' lang='lat' dir='ltr'>citatus</span> <span class='ocrx_word' id='word_1_52' title='bbox 1224 1212 1289 1253; x_wconf 91' lang='lat' dir='ltr'>non</span> <span class='ocrx_word' id='word_1_53' title='bbox 1314 1191 1504 1274; x_wconf 87' lang='lat' dir='ltr'>comparuit.</span> 
     </span>
    </p>

    <p class='ocr_par' dir='ltr' id='par_1_6' title="bbox 241 1297 1505 1484">
     <span class='ocr_line' id='line_1_9' title="bbox 348 1297 1505 1380; baseline -0.002 -21"><span class='ocrx_word' id='word_1_54' title='bbox 348 1298 424 1360; x_wconf 90' lang='lat' dir='ltr'>Item</span> <span class='ocrx_word' id='word_1_55' title='bbox 450 1297 605 1380; x_wconf 87' lang='lat' dir='ltr'>Kukulyn</span> <span class='ocrx_word' id='word_1_56' title='bbox 629 1311 738 1359; x_wconf 89' lang='lat' dir='ltr'>contra</span> <span class='ocrx_word' id='word_1_57' title='bbox 771 1297 985 1379; x_wconf 87' lang='lat' dir='ltr'>Meyuardum</span> <span class='ocrx_word' id='word_1_58' title='bbox 1017 1297 1159 1360; x_wconf 90' lang='lat' dir='ltr'>secundo</span> <span class='ocrx_word' id='word_1_59' title='bbox 1191 1298 1304 1359; x_wconf 88' lang='lat' dir='ltr'>citatus</span> <span class='ocrx_word' id='word_1_60' title='bbox 1327 1317 1392 1358; x_wconf 89' lang='lat' dir='ltr'>non</span> <span class='ocrx_word' id='word_1_61' title='bbox 1417 1315 1505 1358; x_wconf 92' lang='lat' dir='ltr'>com·</span> 
     </span>
     <span class='ocr_line' id='line_1_10' title="bbox 241 1403 356 1484; baseline 0.017 -20"><span class='ocrx_word' id='word_1_62' title='bbox 241 1403 356 1484; x_wconf 89' lang='lat' dir='ltr'>paruit.</span> 
     </span>
    </p>

    <p class='ocr_par' dir='ltr' id='par_1_7' title="bbox 346 1508 1437 1590">
     <span class='ocr_line' id='line_1_11' title="bbox 346 1508 1437 1590; baseline 0 -20"><span class='ocrx_word' id='word_1_63' title='bbox 346 1509 424 1571; x_wconf 90' lang='lat' dir='ltr'>Item</span> <span class='ocrx_word' id='word_1_64' title='bbox 450 1510 571 1571; x_wconf 87' lang='lat' dir='ltr'>Iuanko</span> <span class='ocrx_word' id='word_1_65' title='bbox 595 1522 704 1571; x_wconf 89' lang='lat' dir='ltr'>contra</span> <span class='ocrx_word' id='word_1_66' title='bbox 729 1508 867 1570; x_wconf 89' lang='lat' dir='ltr'>eundem</span> <span class='ocrx_word' id='word_1_67' title='bbox 892 1508 996 1590; x_wconf 92' lang='lat' dir='ltr'>primo</span> <span class='ocrx_word' id='word_1_68' title='bbox 1021 1508 1134 1571; x_wconf 87' lang='lat' dir='ltr'>citatus</span> <span class='ocrx_word' id='word_1_69' title='bbox 1159 1529 1223 1570; x_wconf 92' lang='lat' dir='ltr'>non</span> <span class='ocrx_word' id='word_1_70' title='bbox 1248 1509 1437 1590; x_wconf 89' lang='lat' dir='ltr'>comparuit.</span> 
     </span>
    </p>

    <p class='ocr_par' dir='ltr' id='par_1_8' title="bbox 347 1613 1345 1696">
     <span class='ocr_line' id='line_1_12' title="bbox 347 1613 1345 1696; baseline -0.001 -20"><span class='ocrx_word' id='word_1_71' title='bbox 347 1615 425 1676; x_wconf 89' lang='lat' dir='ltr'>Item</span> <span class='ocrx_word' id='word_1_72' title='bbox 449 1615 489 1677; x_wconf 92' lang='lat' dir='ltr'>N.</span> <span class='ocrx_word' id='word_1_73' title='bbox 514 1630 624 1678; x_wconf 89' lang='lat' dir='ltr'>contra</span> <span class='ocrx_word' id='word_1_74' title='bbox 649 1614 779 1696; x_wconf 89' lang='lat' dir='ltr'>Endrey</span> <span class='ocrx_word' id='word_1_75' title='bbox 802 1614 906 1694; x_wconf 92' lang='lat' dir='ltr'>primo</span> <span class='ocrx_word' id='word_1_76' title='bbox 930 1614 1043 1675; x_wconf 83' lang='lat' dir='ltr'>citatus</span> <span class='ocrx_word' id='word_1_77' title='bbox 1065 1635 1130 1676; x_wconf 89' lang='lat' dir='ltr'>non</span> <span class='ocrx_word' id='word_1_78' title='bbox 1156 1613 1345 1696; x_wconf 87' lang='lat' dir='ltr'>comparuit.</span> 
     </span>
    </p>

    <p class='ocr_par' dir='ltr' id='par_1_9' title="bbox 349 1719 1506 1802">
     <span class='ocr_line' id='line_1_13' title="bbox 349 1719 1506 1802; baseline -0.002 -21"><span class='ocrx_word' id='word_1_79' title='bbox 349 1721 428 1782; x_wconf 92' lang='lat' dir='ltr'>Item</span> <span class='ocrx_word' id='word_1_80' title='bbox 453 1719 582 1802; x_wconf 81' lang='lat' dir='ltr'>Gurgelr</span> <span class='ocrx_word' id='word_1_81' title='bbox 614 1734 723 1782; x_wconf 90' lang='lat' dir='ltr'>contra</span> <span class='ocrx_word' id='word_1_82' title='bbox 754 1719 917 1781; x_wconf 86' lang='lat' dir='ltr'>Andream</span> <span class='ocrx_word' id='word_1_83' title='bbox 949 1719 1049 1781; x_wconf 89' lang='lat' dir='ltr'>terci0</span> <span class='ocrx_word' id='word_1_84' title='bbox 1081 1720 1194 1781; x_wconf 90' lang='lat' dir='ltr'>citatus</span> <span class='ocrx_word' id='word_1_85' title='bbox 1218 1739 1284 1781; x_wconf 90' lang='lat' dir='ltr'>non</span> <span class='ocrx_word' id='word_1_86' title='bbox 1316 1719 1506 1800; x_wconf 88' lang='lat' dir='ltr'>comparuit.</span> 
     </span>
    </p>

    <p class='ocr_par' dir='ltr' id='par_1_10' title="bbox 242 1824 1506 2014">
     <span class='ocr_line' id='line_1_14' title="bbox 349 1824 1506 1908; baseline -0.003 -21"><span class='ocrx_word' id='word_1_87' title='bbox 349 1826 427 1888; x_wconf 90' lang='lat' dir='ltr'>Item</span> <span class='ocrx_word' id='word_1_88' title='bbox 452 1826 565 1889; x_wconf 88' lang='lat' dir='ltr'>IuanIn</span> <span class='ocrx_word' id='word_1_89' title='bbox 589 1826 642 1888; x_wconf 89' lang='lat' dir='ltr'>die</span> <span class='ocrx_word' id='word_1_90' title='bbox 666 1839 781 1888; x_wconf 87' lang='lat' dir='ltr'>octavo</span> <span class='ocrx_word' id='word_1_91' title='bbox 809 1825 905 1886; x_wconf 89' lang='lat' dir='ltr'>debet</span> <span class='ocrx_word' id='word_1_92' title='bbox 934 1824 1038 1906; x_wconf 90' lang='lat' dir='ltr'>jurare</span> <span class='ocrx_word' id='word_1_93' title='bbox 1063 1840 1172 1887; x_wconf 89' lang='lat' dir='ltr'>contra</span> <span class='ocrx_word' id='word_1_94' title='bbox 1205 1825 1382 1908; x_wconf 88' lang='lat' dir='ltr'>Symonem</span> <span class='ocrx_word' id='word_1_95' title='bbox 1405 1844 1506 1885; x_wconf 90' lang='lat' dir='ltr'>sacer-</span> 
     </span>
     <span class='ocr_line' id='line_1_15' title="bbox 242 1932 785 2014; baseline -0.004 -20"><span class='ocrx_word' id='word_1_96' title='bbox 242 1933 351 1995; x_wconf 89' lang='lat' dir='ltr'>dotem</span> <span class='ocrx_word' id='word_1_97' title='bbox 376 1952 471 2014; x_wconf 91' lang='lat' dir='ltr'>super</span> <span class='ocrx_word' id='word_1_98' title='bbox 495 1932 622 1995; x_wconf 90' lang='lat' dir='ltr'>duobus</span> <span class='ocrx_word' id='word_1_99' title='bbox 645 1932 785 1994; x_wconf 80' lang='lat' dir='ltr'>florenis.</span> 
     </span>
    </p>

    <p class='ocr_par' dir='ltr' id='par_1_11' title="bbox 240 2036 1507 2311">
     <span class='ocr_line' id='line_1_16' title="bbox 347 2036 1506 2119; baseline -0.002 -20"><span class='ocrx_word' id='word_1_100' title='bbox 347 2038 424 2099; x_wconf 91' lang='lat' dir='ltr'>Item</span> <span class='ocrx_word' id='word_1_101' title='bbox 450 2039 609 2100; x_wconf 87' lang='lat' dir='ltr'>Henricus</span> <span class='ocrx_word' id='word_1_102' title='bbox 633 2038 685 2100; x_wconf 92' lang='lat' dir='ltr'>die</span> <span class='ocrx_word' id='word_1_103' title='bbox 709 2052 823 2099; x_wconf 87' lang='lat' dir='ltr'>octavo</span> <span class='ocrx_word' id='word_1_104' title='bbox 848 2037 944 2099; x_wconf 89' lang='lat' dir='ltr'>debet</span> <span class='ocrx_word' id='word_1_105' title='bbox 975 2037 1196 2100; x_wconf 83' lang='lat' dir='ltr'>testimonium</span> <span class='ocrx_word' id='word_1_106' title='bbox 1226 2036 1404 2119; x_wconf 89' lang='lat' dir='ltr'>producere</span> <span class='ocrx_word' id='word_1_107' title='bbox 1431 2054 1506 2097; x_wconf 90' lang='lat' dir='ltr'>cum</span> 
     </span>
     <span class='ocr_line' id='line_1_17' title="bbox 242 2140 1507 2225; baseline -0.002 -21"><span class='ocrx_word' id='word_1_108' title='bbox 242 2144 349 2206; x_wconf 86' lang='lat' dir='ltr'>Hcrxa</span> <span class='ocrx_word' id='word_1_109' title='bbox 374 2156 483 2205; x_wconf 89' lang='lat' dir='ltr'>contra</span> <span class='ocrx_word' id='word_1_110' title='bbox 516 2142 695 2225; x_wconf 81' lang='lat' dir='ltr'>Georgium</span> <span class='ocrx_word' id='word_1_111' title='bbox 726 2143 925 2205; x_wconf 87' lang='lat' dir='ltr'>sacerdotem</span> <span class='ocrx_word' id='word_1_112' title='bbox 958 2143 1207 2225; x_wconf 91' lang='lat' dir='ltr'>prebendarium</span> <span class='ocrx_word' id='word_1_113' title='bbox 1236 2160 1331 2224; x_wconf 86' lang='lat' dir='ltr'>super</span> <span class='ocrx_word' id='word_1_114' title='bbox 1366 2140 1507 2222; x_wconf 88' lang='lat' dir='ltr'>quadam</span> 
     </span>
     <span class='ocr_line' id='line_1_18' title="bbox 240 2247 457 2311; baseline 0.009 -2"><span class='ocrx_word' id='word_1_115' title='bbox 240 2247 457 2311; x_wconf 87' lang='lat' dir='ltr'>fideiussione.</span> 
     </span>
    </p>

    <p class='ocr_par' dir='ltr' id='par_1_12' title="bbox 241 2352 1508 2645">
     <span class='ocr_line' id='line_1_19' title="bbox 347 2352 1506 2435; baseline 0 -20"><span class='ocrx_word' id='word_1_116' title='bbox 347 2354 425 2415; x_wconf 90' lang='lat' dir='ltr'>Item</span> <span class='ocrx_word' id='word_1_117' title='bbox 450 2354 607 2415; x_wconf 86' lang='lat' dir='ltr'>Martinus</span> <span class='ocrx_word' id='word_1_118' title='bbox 638 2353 722 2416; x_wconf 86' lang='lat' dir='ltr'>filius</span> <span class='ocrx_word' id='word_1_119' title='bbox 752 2354 908 2416; x_wconf 85' lang='lat' dir='ltr'>Anthonii</span> <span class='ocrx_word' id='word_1_120' title='bbox 941 2353 993 2414; x_wconf 87' lang='lat' dir='ltr'>die</span> <span class='ocrx_word' id='word_1_121' title='bbox 1022 2367 1136 2415; x_wconf 89' lang='lat' dir='ltr'>octavo</span> <span class='ocrx_word' id='word_1_122' title='bbox 1169 2352 1264 2414; x_wconf 88' lang='lat' dir='ltr'>debet</span> <span class='ocrx_word' id='word_1_123' title='bbox 1295 2353 1506 2435; x_wconf 87' lang='lat' dir='ltr'>comprobare</span> 
     </span>
     <span class='ocr_line' id='line_1_20' title="bbox 241 2458 1508 2541; baseline -0.001 -20"><span class='ocrx_word' id='word_1_124' title='bbox 241 2460 430 2522; x_wconf 91' lang='lat' dir='ltr'>testimonio</span> <span class='ocrx_word' id='word_1_125' title='bbox 464 2460 628 2541; x_wconf 86' lang='lat' dir='ltr'>fidedigno</span> <span class='ocrx_word' id='word_1_126' title='bbox 660 2474 769 2522; x_wconf 92' lang='lat' dir='ltr'>contra</span> <span class='ocrx_word' id='word_1_127' title='bbox 800 2461 922 2522; x_wconf 87' lang='lat' dir='ltr'>litteras</span> <span class='ocrx_word' id='word_1_128' title='bbox 952 2459 1160 2540; x_wconf 85' lang='lat' dir='ltr'>obligatorias</span> <span class='ocrx_word' id='word_1_129' title='bbox 1192 2459 1346 2520; x_wconf 87' lang='lat' dir='ltr'>Iohannis</span> <span class='ocrx_word' id='word_1_130' title='bbox 1369 2458 1508 2520; x_wconf 89' lang='lat' dir='ltr'>condam</span> 
     </span>
     <span class='ocr_line' id='line_1_21' title="bbox 241 2565 1232 2645; baseline 0.002 -19"><span class='ocrx_word' id='word_1_131' title='bbox 241 2566 374 2645; x_wconf 84' lang='lat' dir='ltr'>abbatis,</span> <span class='ocrx_word' id='word_1_132' title='bbox 399 2579 430 2627; x_wconf 90' lang='lat' dir='ltr'>et</span> <span class='ocrx_word' id='word_1_133' title='bbox 454 2565 549 2628; x_wconf 85' lang='lat' dir='ltr'>frater</span> <span class='ocrx_word' id='word_1_134' title='bbox 574 2565 751 2628; x_wconf 86' lang='lat' dir='ltr'>Godlridus</span> <span class='ocrx_word' id='word_1_135' title='bbox 775 2566 903 2628; x_wconf 87' lang='lat' dir='ltr'>easdem</span> <span class='ocrx_word' id='word_1_136' title='bbox 928 2566 1049 2627; x_wconf 89' lang='lat' dir='ltr'>litteras</span> <span class='ocrx_word' id='word_1_137' title='bbox 1073 2565 1232 2629; x_wconf 85' lang='lat' dir='ltr'>exhibere.</span> 
     </span>
    </p>

    <p class='ocr_par' dir='ltr' id='par_1_13' title="bbox 242 2670 1507 2964">
     <span class='ocr_line' id='line_1_22' title="bbox 350 2670 1507 2753; baseline 0 -21"><span class='ocrx_word' id='word_1_138' title='bbox 350 2671 428 2732; x_wconf 90' lang='lat' dir='ltr'>Item</span> <span class='ocrx_word' id='word_1_139' title='bbox 458 2671 604 2733; x_wconf 81' lang='lat' dir='ltr'>Andreas</span> <span class='ocrx_word' id='word_1_140' title='bbox 634 2672 875 2734; x_wconf 89' lang='lat' dir='ltr'>molendinator</span> <span class='ocrx_word' id='word_1_141' title='bbox 914 2685 1024 2733; x_wconf 88' lang='lat' dir='ltr'>contra</span> <span class='ocrx_word' id='word_1_142' title='bbox 1055 2670 1232 2753; x_wconf 85' lang='lat' dir='ltr'>Georgium</span> <span class='ocrx_word' id='word_1_143' title='bbox 1266 2670 1421 2733; x_wconf 90' lang='lat' dir='ltr'>Gulacich</span> <span class='ocrx_word' id='word_1_144' title='bbox 1455 2671 1507 2732; x_wconf 92' lang='lat' dir='ltr'>die</span> 
     </span>
     <span class='ocr_line' id='line_1_23' title="bbox 242 2776 1507 2860; baseline 0.001 -23"><span class='ocrx_word' id='word_1_145' title='bbox 242 2790 357 2838; x_wconf 85' lang='lat' dir='ltr'>octavo</span> <span class='ocrx_word' id='word_1_146' title='bbox 382 2776 478 2838; x_wconf 93' lang='lat' dir='ltr'>debet</span> <span class='ocrx_word' id='word_1_147' title='bbox 499 2777 720 2838; x_wconf 90' lang='lat' dir='ltr'>testimonium</span> <span class='ocrx_word' id='word_1_148' title='bbox 746 2777 921 2860; x_wconf 90' lang='lat' dir='ltr'>producere</span> <span class='ocrx_word' id='word_1_149' title='bbox 951 2797 1046 2860; x_wconf 91' lang='lat' dir='ltr'>super</span> <span class='ocrx_word' id='word_1_150' title='bbox 1070 2777 1210 2859; x_wconf 89' lang='lat' dir='ltr'>quadam</span> <span class='ocrx_word' id='word_1_151' title='bbox 1242 2777 1414 2839; x_wconf 89' lang='lat' dir='ltr'>concordia</span> <span class='ocrx_word' id='word_1_152' title='bbox 1439 2797 1507 2838; x_wconf 92' lang='lat' dir='ltr'>mo-</span> 
     </span>
     <span class='ocr_line' id='line_1_24' title="bbox 244 2881 648 2964; baseline 0.007 -22"><span class='ocrx_word' id='word_1_153' title='bbox 244 2881 422 2943; x_wconf 88' lang='lat' dir='ltr'>lendinaria</span> <span class='ocrx_word' id='word_1_154' title='bbox 447 2883 529 2944; x_wconf 92' lang='lat' dir='ltr'>inter</span> <span class='ocrx_word' id='word_1_155' title='bbox 552 2883 648 2964; x_wconf 91' lang='lat' dir='ltr'>ipsos.</span> 
     </span>
    </p>

    <p class='ocr_par' dir='ltr' id='par_1_14' title="bbox 347 2988 1444 3072">
     <span class='ocr_line' id='line_1_25' title="bbox 347 2988 1444 3072; baseline 0 -22"><span class='ocrx_word' id='word_1_156' title='bbox 347 2989 422 3050; x_wconf 87' lang='lat' dir='ltr'>Item</span> <span class='ocrx_word' id='word_1_157' title='bbox 449 2988 573 3050; x_wconf 89' lang='lat' dir='ltr'>Malech</span> <span class='ocrx_word' id='word_1_158' title='bbox 598 3003 707 3050; x_wconf 90' lang='lat' dir='ltr'>contra</span> <span class='ocrx_word' id='word_1_159' title='bbox 731 2988 878 3051; x_wconf 89' lang='lat' dir='ltr'>Cernech</span> <span class='ocrx_word' id='word_1_160' title='bbox 902 2991 1006 3072; x_wconf 92' lang='lat' dir='ltr'>primo</span> <span class='ocrx_word' id='word_1_161' title='bbox 1029 2990 1141 3051; x_wconf 87' lang='lat' dir='ltr'>citatus</span> <span class='ocrx_word' id='word_1_162' title='bbox 1164 3010 1230 3051; x_wconf 93' lang='lat' dir='ltr'>non</span> <span class='ocrx_word' id='word_1_163' title='bbox 1254 2990 1444 3072; x_wconf 91' lang='lat' dir='ltr'>comparuit.</span> 
     </span>
    </p>
   </div>
   <div class='ocr_carea' id='block_1_3' title="bbox 283 3207 1469 3422">
    <p class='ocr_par' dir='ltr' id='par_1_15' title="bbox 283 3207 1469 3422">
     <span class='ocr_line' id='line_1_26' title="bbox 283 3207 1469 3298; baseline 0.002 -20"><span class='ocrx_word' id='word_1_164' title='bbox 283 3207 376 3292; x_wconf 85' lang='lat' dir='ltr'>Nota,</span> <span class='ocrx_word' id='word_1_165' title='bbox 405 3209 490 3297; x_wconf 86' lang='lat' dir='ltr'>quod</span> <span class='ocrx_word' id='word_1_166' title='bbox 520 3227 606 3280; x_wconf 86' lang='lat' dir='ltr'>anno</span> <span class='ocrx_word' id='word_1_167' title='bbox 635 3208 758 3280; x_wconf 87' lang='lat' dir='ltr'>domiui</span> <span class='ocrx_word' id='word_1_168' title='bbox 786 3207 943 3282; x_wconf 82' lang='lat' dir='ltr'>lICCCLX</span> <span class='ocrx_word' id='word_1_169' title='bbox 971 3212 1078 3280; x_wconf 86' lang='lat' dir='ltr'>tercIa</span> <span class='ocrx_word' id='word_1_170' title='bbox 1097 3210 1182 3280; x_wconf 87' lang='lat' dir='ltr'>Ierla</span> <span class='ocrx_word' id='word_1_171' title='bbox 1209 3211 1364 3298; x_wconf 88' lang='lat' dir='ltr'>proxima</span> <span class='ocrx_word' id='word_1_172' title='bbox 1391 3217 1469 3298; x_wconf 86' lang='lat' dir='ltr'>post</span> 
     </span>
     <span class='ocr_line' id='line_1_27' title="bbox 576 3331 1172 3422; baseline -0.002 -18"><span class='ocrx_word' id='word_1_173' title='bbox 576 3332 699 3404; x_wconf 85' lang='lat' dir='ltr'>festum</span> <span class='ocrx_word' id='word_1_174' title='bbox 728 3331 988 3422; x_wconf 85' lang='lat' dir='ltr'>Epiphaularum</span> <span class='ocrx_word' id='word_1_175' title='bbox 1015 3333 1172 3404; x_wconf 87' lang='lat' dir='ltr'>eiusdem.</span> 
     </span>
    </p>
   </div>
   <div class='ocr_carea' id='block_1_4' title="bbox 656 3483 1103 3564">
    <p class='ocr_par' dir='ltr' id='par_1_16' title="bbox 656 3483 1103 3564">
     <span class='ocr_line' id='line_1_28' title="bbox 656 3483 1103 3564; baseline 0.007 -21"><span class='ocrx_word' id='word_1_176' title='bbox 656 3488 754 3562; x_wconf 84' lang='lat' dir='ltr'>(Anno</span> <span class='ocrx_word' id='word_1_177' title='bbox 779 3483 869 3562; x_wconf 75' lang='lat'><em>1360,</em></span> <span class='ocrx_word' id='word_1_178' title='bbox 893 3498 922 3561; x_wconf 89' lang='lat'>7.</span> <span class='ocrx_word' id='word_1_179' title='bbox 939 3487 1103 3564; x_wconf 67' lang='lat' dir='ltr'>januarii).</span> 
     </span>
    </p>
   </div>
   <div class='ocr_carea' id='block_1_5' title="bbox 244 3622 1511 4870">
    <p class='ocr_par' dir='ltr' id='par_1_17' title="bbox 244 3622 1509 4024">
     <span class='ocr_line' id='line_1_29' title="bbox 351 3622 1509 3706; baseline -0.002 -22"><span class='ocrx_word' id='word_1_180' title='bbox 351 3625 459 3686; x_wconf 92' lang='lat' dir='ltr'>Primo</span> <span class='ocrx_word' id='word_1_181' title='bbox 484 3624 701 3706; x_wconf 88' lang='lat' dir='ltr'>principaliter</span> <span class='ocrx_word' id='word_1_182' title='bbox 726 3625 837 3686; x_wconf 87' lang='lat' dir='ltr'>Petrus</span> <span class='ocrx_word' id='word_1_183' title='bbox 861 3623 957 3686; x_wconf 87' lang='lat' dir='ltr'>frater</span> <span class='ocrx_word' id='word_1_184' title='bbox 981 3626 1057 3685; x_wconf 84' lang='lat' dir='ltr'>Jaxe</span> <span class='ocrx_word' id='word_1_185' title='bbox 1090 3623 1333 3704; x_wconf 87' lang='lat' dir='ltr'>quintodecImo</span> <span class='ocrx_word' id='word_1_186' title='bbox 1359 3622 1410 3683; x_wconf 88' lang='lat' dir='ltr'>die</span> <span class='ocrx_word' id='word_1_187' title='bbox 1435 3641 1509 3683; x_wconf 92' lang='lat' dir='ltr'>cum</span> 
     </span>
     <span class='ocr_line' id='line_1_30' title="bbox 244 3726 1509 3812; baseline -0.002 -22"><span class='ocrx_word' id='word_1_188' title='bbox 244 3729 334 3792; x_wconf 86' lang='lat' dir='ltr'>XXV</span> <span class='ocrx_word' id='word_1_189' title='bbox 359 3730 503 3812; x_wconf 88' lang='lat' dir='ltr'>personis</span> <span class='ocrx_word' id='word_1_190' title='bbox 527 3730 713 3791; x_wconf 89' lang='lat' dir='ltr'>concivibus</span> <span class='ocrx_word' id='word_1_191' title='bbox 744 3730 873 3807; x_wconf 83' lang='lat' dir='ltr'>nostris,</span> <span class='ocrx_word' id='word_1_192' title='bbox 906 3729 1002 3791; x_wconf 90' lang='lat' dir='ltr'>debet</span> <span class='ocrx_word' id='word_1_193' title='bbox 1034 3729 1224 3790; x_wconf 87' lang='lat' dir='ltr'>convincere</span> <span class='ocrx_word' id='word_1_194' title='bbox 1255 3727 1430 3809; x_wconf 88' lang='lat' dir='ltr'>quemdam</span> <span class='ocrx_word' id='word_1_195' title='bbox 1462 3726 1509 3810; x_wconf 88' lang='lat' dir='ltr'>ju·</span> 
     </span>
     <span class='ocr_line' id='line_1_31' title="bbox 244 3833 1509 3916; baseline -0.001 -21"><span class='ocrx_word' id='word_1_196' title='bbox 244 3855 360 3897; x_wconf 80' lang='lat' dir='ltr'>venem</span> <span class='ocrx_word' id='word_1_197' title='bbox 384 3835 564 3896; x_wconf 88' lang='lat' dir='ltr'>Iohannem</span> <span class='ocrx_word' id='word_1_198' title='bbox 588 3835 731 3914; x_wconf 83' lang='lat' dir='ltr'>nomine,</span> <span class='ocrx_word' id='word_1_199' title='bbox 756 3834 886 3896; x_wconf 90' lang='lat' dir='ltr'>nomine</span> <span class='ocrx_word' id='word_1_200' title='bbox 911 3835 1045 3916; x_wconf 91' lang='lat' dir='ltr'>raptoris</span> <span class='ocrx_word' id='word_1_201' title='bbox 1069 3835 1118 3894; x_wconf 91' lang='lat' dir='ltr'>sui</span> <span class='ocrx_word' id='word_1_202' title='bbox 1141 3834 1207 3894; x_wconf 87' lang='lat' dir='ltr'>sive</span> <span class='ocrx_word' id='word_1_203' title='bbox 1231 3833 1375 3912; x_wconf 90' lang='lat' dir='ltr'>latronis,</span> <span class='ocrx_word' id='word_1_204' title='bbox 1399 3833 1509 3894; x_wconf 92' lang='lat' dir='ltr'>sinon</span> 
     </span>
     <span class='ocr_line' id='line_1_32' title="bbox 245 3942 624 4024; baseline 0.005 -22"><span class='ocrx_word' id='word_1_205' title='bbox 245 3955 394 4024; x_wconf 91' lang='lat' dir='ltr'>poterunt</span> <span class='ocrx_word' id='word_1_206' title='bbox 418 3942 624 4004; x_wconf 87' lang='lat' dir='ltr'>concordare.</span> 
     </span>
    </p>

    <p class='ocr_par' dir='ltr' id='par_1_18' title="bbox 246 4045 1510 4233">
     <span class='ocr_line' id='line_1_33' title="bbox 350 4045 1510 4127; baseline 0 -20"><span class='ocrx_word' id='word_1_207' title='bbox 350 4047 428 4108; x_wconf 90' lang='lat' dir='ltr'>Item</span> <span class='ocrx_word' id='word_1_208' title='bbox 453 4046 600 4108; x_wconf 86' lang='lat' dir='ltr'>Thomas</span> <span class='ocrx_word' id='word_1_209' title='bbox 623 4065 759 4126; x_wconf 83' lang='lat' dir='ltr'>magnus</span> <span class='ocrx_word' id='word_1_210' title='bbox 784 4058 892 4106; x_wconf 91' lang='lat' dir='ltr'>contra</span> <span class='ocrx_word' id='word_1_211' title='bbox 927 4045 1130 4127; x_wconf 91' lang='lat' dir='ltr'>Leypoldum</span> <span class='ocrx_word' id='word_1_212' title='bbox 1161 4045 1267 4126; x_wconf 86' lang='lat' dir='ltr'>prImo</span> <span class='ocrx_word' id='word_1_213' title='bbox 1299 4045 1412 4106; x_wconf 87' lang='lat' dir='ltr'>citatus</span> <span class='ocrx_word' id='word_1_214' title='bbox 1444 4064 1510 4107; x_wconf 91' lang='lat' dir='ltr'>non</span> 
     </span>
     <span class='ocr_line' id='line_1_34' title="bbox 246 4153 435 4233; baseline 0 -19"><span class='ocrx_word' id='word_1_215' title='bbox 246 4153 435 4233; x_wconf 88' lang='lat' dir='ltr'>comparuit.</span> 
     </span>
    </p>

    <p class='ocr_par' dir='ltr' id='par_1_19' title="bbox 247 4256 1510 4427">
     <span class='ocr_line' id='line_1_35' title="bbox 352 4256 1509 4338; baseline 0 -20"><span class='ocrx_word' id='word_1_216' title='bbox 352 4257 429 4318; x_wconf 90' lang='lat' dir='ltr'>Item</span> <span class='ocrx_word' id='word_1_217' title='bbox 448 4276 549 4338; x_wconf 89' lang='lat' dir='ltr'>usque</span> <span class='ocrx_word' id='word_1_218' title='bbox 568 4257 748 4338; x_wconf 87' lang='lat' dir='ltr'>quindenas</span> <span class='ocrx_word' id='word_1_219' title='bbox 765 4257 876 4318; x_wconf 89' lang='lat' dir='ltr'>Petrus</span> <span class='ocrx_word' id='word_1_220' title='bbox 892 4256 986 4317; x_wconf 89' lang='lat' dir='ltr'>Zolar</span> <span class='ocrx_word' id='word_1_221' title='bbox 1003 4257 1044 4317; x_wconf 93' lang='lat' dir='ltr'>VI</span> <span class='ocrx_word' id='word_1_222' title='bbox 1065 4276 1187 4318; x_wconf 90' lang='lat' dir='ltr'>marcas</span> <span class='ocrx_word' id='word_1_223' title='bbox 1211 4271 1242 4318; x_wconf 93' lang='lat' dir='ltr'>et</span> <span class='ocrx_word' id='word_1_224' title='bbox 1265 4257 1418 4337; x_wconf 85' lang='lat' dir='ltr'>magister</span> <span class='ocrx_word' id='word_1_225' title='bbox 1431 4256 1509 4318; x_wconf 89' lang='lat' dir='ltr'>Iuan</span> 
     </span>
     <span class='ocr_line' id='line_1_36' title="bbox 247 4362 1510 4427; baseline 0.002 -3"><span class='ocrx_word' id='word_1_226' title='bbox 247 4364 389 4425; x_wconf 90' lang='lat' dir='ltr'>notarius</span> <span class='ocrx_word' id='word_1_227' title='bbox 405 4364 434 4424; x_wconf 84' lang='lat' dir='ltr'>X</span> <span class='ocrx_word' id='word_1_228' title='bbox 452 4363 590 4425; x_wconf 86' lang='lat' dir='ltr'>florenos</span> <span class='ocrx_word' id='word_1_229' title='bbox 612 4364 737 4424; x_wconf 90' lang='lat' dir='ltr'>solvere</span> <span class='ocrx_word' id='word_1_230' title='bbox 761 4375 909 4424; x_wconf 89' lang='lat' dir='ltr'>tenentur</span> <span class='ocrx_word' id='word_1_231' title='bbox 926 4363 1065 4424; x_wconf 90' lang='lat' dir='ltr'>Martino</span> <span class='ocrx_word' id='word_1_232' title='bbox 1091 4362 1178 4424; x_wconf 89' lang='lat' dir='ltr'>Iratri</span> <span class='ocrx_word' id='word_1_233' title='bbox 1203 4362 1279 4423; x_wconf 90' lang='lat' dir='ltr'>dicti</span> <span class='ocrx_word' id='word_1_234' title='bbox 1304 4363 1386 4424; x_wconf 91' lang='lat' dir='ltr'>Petri</span> <span class='ocrx_word' id='word_1_235' title='bbox 1404 4362 1510 4427; x_wconf 87' lang='lat' dir='ltr'>Zolar.</span> 
     </span>
    </p>

    <p class='ocr_par' dir='ltr' id='par_1_20' title="bbox 247 4468 1511 4657">
     <span class='ocr_line' id='line_1_37' title="bbox 353 4468 1511 4550; baseline 0 -22"><span class='ocrx_word' id='word_1_236' title='bbox 353 4469 431 4531; x_wconf 91' lang='lat' dir='ltr'>Item</span> <span class='ocrx_word' id='word_1_237' title='bbox 456 4489 549 4531; x_wconf 89' lang='lat' dir='ltr'>causa</span> <span class='ocrx_word' id='word_1_238' title='bbox 567 4489 629 4550; x_wconf 94' lang='lat' dir='ltr'>que</span> <span class='ocrx_word' id='word_1_239' title='bbox 646 4470 779 4532; x_wconf 90' lang='lat' dir='ltr'>vertitur</span> <span class='ocrx_word' id='word_1_240' title='bbox 796 4470 879 4531; x_wconf 89' lang='lat' dir='ltr'>inter</span> <span class='ocrx_word' id='word_1_241' title='bbox 894 4469 1056 4530; x_wconf 87' lang='lat' dir='ltr'>Andream</span> <span class='ocrx_word' id='word_1_242' title='bbox 1080 4483 1111 4531; x_wconf 93' lang='lat' dir='ltr'>et</span> <span class='ocrx_word' id='word_1_243' title='bbox 1135 4468 1314 4530; x_wconf 86' lang='lat' dir='ltr'>Iohannem</span> <span class='ocrx_word' id='word_1_244' title='bbox 1332 4468 1511 4530; x_wconf 88' lang='lat' dir='ltr'>Barbacum</span> 
     </span>
     <span class='ocr_line' id='line_1_38' title="bbox 247 4575 967 4657; baseline 0 -21"><span class='ocrx_word' id='word_1_245' title='bbox 247 4575 287 4636; x_wconf 90' lang='lat' dir='ltr'>ad</span> <span class='ocrx_word' id='word_1_246' title='bbox 312 4575 491 4656; x_wconf 89' lang='lat' dir='ltr'>quindenas</span> <span class='ocrx_word' id='word_1_247' title='bbox 515 4575 555 4636; x_wconf 93' lang='lat' dir='ltr'>ad</span> <span class='ocrx_word' id='word_1_248' title='bbox 580 4595 691 4657; x_wconf 88' lang='lat' dir='ltr'>pacem</span> <span class='ocrx_word' id='word_1_249' title='bbox 716 4588 763 4636; x_wconf 91' lang='lat' dir='ltr'>est</span> <span class='ocrx_word' id='word_1_250' title='bbox 786 4588 967 4656; x_wconf 83' lang='lat' dir='ltr'>prorogata.</span> 
     </span>
    </p>

    <p class='ocr_par' dir='ltr' id='par_1_21' title="bbox 248 4678 1511 4870">
     <span class='ocr_line' id='line_1_39' title="bbox 355 4678 1511 4761; baseline -0.001 -20"><span class='ocrx_word' id='word_1_251' title='bbox 355 4680 433 4742; x_wconf 87' lang='lat' dir='ltr'>Item</span> <span class='ocrx_word' id='word_1_252' title='bbox 458 4700 551 4741; x_wconf 88' lang='lat' dir='ltr'>causa</span> <span class='ocrx_word' id='word_1_253' title='bbox 576 4699 638 4761; x_wconf 90' lang='lat' dir='ltr'>que</span> <span class='ocrx_word' id='word_1_254' title='bbox 662 4680 795 4741; x_wconf 89' lang='lat' dir='ltr'>vertitur</span> <span class='ocrx_word' id='word_1_255' title='bbox 819 4680 901 4741; x_wconf 89' lang='lat' dir='ltr'>inter</span> <span class='ocrx_word' id='word_1_256' title='bbox 921 4679 1059 4742; x_wconf 87' lang='lat' dir='ltr'>eundem</span> <span class='ocrx_word' id='word_1_257' title='bbox 1085 4680 1248 4741; x_wconf 82' lang='lat' dir='ltr'>Andream</span> <span class='ocrx_word' id='word_1_258' title='bbox 1275 4694 1306 4741; x_wconf 90' lang='lat' dir='ltr'>et</span> <span class='ocrx_word' id='word_1_259' title='bbox 1329 4680 1367 4742; x_wconf 92' lang='lat' dir='ltr'>N.</span> <span class='ocrx_word' id='word_1_260' title='bbox 1393 4678 1511 4740; x_wconf 85' lang='lat' dir='ltr'>ruffum</span> 
     </span>
     <span class='ocr_line' id='line_1_40' title="bbox 248 4785 908 4870; baseline 0.005 -22"><span class='ocrx_word' id='word_1_261' title='bbox 248 4787 288 4848; x_wconf 88' lang='lat' dir='ltr'>ad</span> <span class='ocrx_word' id='word_1_262' title='bbox 312 4788 453 4870; x_wconf 91' lang='lat' dir='ltr'>primum</span> <span class='ocrx_word' id='word_1_263' title='bbox 476 4785 631 4867; x_wconf 90' lang='lat' dir='ltr'>judicium</span> <span class='ocrx_word' id='word_1_264' title='bbox 657 4800 703 4847; x_wconf 92' lang='lat' dir='ltr'>est</span> <span class='ocrx_word' id='word_1_265' title='bbox 727 4799 908 4868; x_wconf 80' lang='lat' dir='ltr'>prorogata.</span> 
     </span>
    </p>
   </div>
   <div class='ocr_carea' id='block_1_6' title="bbox 0 0 1759 5250">
    <p class='ocr_par' dir='ltr' id='par_1_22' title="bbox 0 0 1759 5250">
     <span class='ocr_line' id='line_1_41' title="bbox 0 0 1759 5250; baseline 0 0"><span class='ocrx_word' id='word_1_266' title='bbox 0 0 1759 5250; x_wconf 95' lang='lat' dir='ltr'> </span> 
     </span>
    </p>
   </div>
  </div>
 </body>
</html>
