3488 5250
604 315 690 373 Anno
712 311 803 390 1365.
827 346 870 356 —
892 310 945 373 26.
969 316 1095 388 augusti.
1418 335 1481 398 337

328 522 407 584 Item
433 521 513 584 Vale
538 536 639 585 sartor
662 536 771 585 contra
796 525 965 585 Marenum
998 523 1093 585 Zolar
1116 525 1258 586 secundo
1282 525 1395 587 citatus
1418 545 1485 586 non

217 629 407 709 comparuit.

324 734 402 794 Item
427 733 553 795 Malech
578 750 687 796 contra
712 734 852 796 eundem
881 735 983 816 prIma
1015 734 1171 796 citacione
1204 754 1267 796 non
1293 737 1484 817 comparuit.

323 839 401 899 Item
427 838 553 902 Cristan
579 853 736 901 mercator
760 841 930 921 assumpsit
950 839 1110 901 adducere
1135 841 1355 901 testimonium
1373 855 1484 902 contra

217 944 299 1005 Zore
325 964 381 1025 per
404 944 536 1025 juratos,
562 947 617 1026 qui
641 959 786 1027 tempore
814 946 891 1007 Iuan
924 945 1039 1025 judicis
1070 944 1199 1006 fuerunt
1222 960 1253 1007 et
1285 946 1411 1007 Mikech
1436 945 1483 1026 ju·

218 1049 335 1126 dicem,
359 1065 466 1132 preter
490 1051 571 1113 alios
595 1052 650 1133 qui
682 1065 776 1113 erunt
799 1053 957 1113 absentes.

324 1158 402 1219 Item
428 1159 537 1219 Maren
563 1172 672 1220 contra
697 1158 827 1219 Petrum
851 1158 953 1239 prima
977 1157 1134 1218 citacione
1159 1177 1225 1219 non
1249 1158 1439 1239 comparuit.

326 1263 404 1324 Item
430 1264 549 1346 Stepan
574 1263 813 1325 molendinator
837 1276 948 1324 contra
973 1260 1100 1324 Kusech
1127 1262 1230 1343 prima
1247 1262 1402 1324 citacione
1419 1282 1484 1324 non

220 1370 410 1451 comparuit.

325 1475 403 1537 Item
429 1472 567 1536 Michael
590 1471 679 1534 faber
703 1493 803 1554 usque
832 1473 1075 1554 quindecimum
1100 1473 1186 1534 diem
1209 1487 1336 1535 tenetur
1360 1474 1486 1535 solvere

220 1581 279 1642 XL
306 1581 455 1642 denarios
483 1580 622 1641 Martino
653 1580 764 1657 sutori,
798 1593 828 1640 et
858 1579 933 1659 quia
965 1578 1005 1640 ad
1037 1579 1168 1639 terciam
1199 1579 1389 1641 citacionem
1419 1599 1486 1641 non

220 1687 319 1763 venit,
344 1686 418 1747 ideo
443 1686 475 1746 in
500 1684 620 1764 judicio
645 1698 796 1746 consveto
825 1699 872 1745 est
895 1685 1070 1745 convictus.

326 1791 404 1852 Item
437 1791 590 1851 Nicolaus
622 1789 705 1851 filius
821 1809 923 1871 usque
959 1790 1202 1871 quindecImum
1233 1789 1319 1851 dlem
1359 1803 1485 1851 tenetur

221 1899 346 1960 solvere
370 1897 381 1957 I
407 1896 564 1958 florenum
596 1910 627 1958 et
650 1897 709 1958 XII
734 1895 893 1974 denarios,
918 1915 1000 1976 quos
1024 1895 1069 1957 St.
1101 1896 1220 1977 recepit
1248 1896 1288 1956 ad
1313 1894 1431 1970 fidem;
1456 1908 1488 1957 et

220 2005 296 2086 quia
326 2003 424 2065 tercio
456 2003 569 2063 citatus
600 2021 665 2063 non
697 2001 887 2083 comparuit,
918 2001 992 2063 ideo
1023 2001 1188 2063 convictus
1219 2015 1266 2062 est
1297 2002 1328 2061 in
1363 2000 1487 2081 judicio

221 2124 386 2172 consveto.

327 2216 406 2276 Item
437 2213 594 2274 MartInus
625 2224 713 2273 sutor
744 2212 783 2273 ad
816 2212 1059 2293 quindecImum
1084 2211 1170 2272 diem
1201 2224 1328 2273 tenetur
1359 2211 1485 2272 solvere

221 2320 323 2382 XXVI
344 2338 488 2380 marcas.
507 2337 602 2378 ‚cum
625 2338 707 2399 pena
729 2317 831 2399 dupli,
855 2318 922 2379 sine
940 2317 1054 2396 judicis
1070 2317 1235 2398 porcione,
1260 2317 1399 2378 Martino
1416 2315 1486 2377 filio

220 2425 387 2486 Anthonii.

327 2531 406 2591 Item
431 2531 565 2610 EgidIus
591 2527 718 2611 pellifex
744 2528 783 2590 ad
813 2529 998 2610 qulndecim
1031 2529 1099 2589 dies
1131 2541 1258 2590 tenetur
1281 2528 1405 2589 solvere
1428 2528 1486 2588 XL

223 2636 373 2697 denarios
398 2637 513 2697 Kusilo
537 2636 649 2713 sutori,
674 2649 704 2696 et
728 2636 803 2716 quia
835 2636 866 2695 in
892 2635 988 2696 tercia
1021 2635 1176 2696 citacione
1208 2654 1273 2695 non
1306 2633 1487 2716 comparuit

222 2742 255 2802 in
279 2741 400 2822 judicio
424 2742 634 2802 convincitur.

329 2847 406 2907 Item
431 2847 551 2928 Wythe
576 2861 686 2908 contra
704 2846 877 2907 Martinam
903 2844 1060 2906 famulum
1077 2844 1191 2925 judicis
1215 2845 1488 2927 primacitacione

223 2973 289 3014 non
314 2952 502 3033 comparuit.

332 3058 408 3118 Item
434 3058 509 3138 quia
526 3057 631 3118 Vanse
649 3055 791 3118 carnifex
808 3057 918 3134 semel,
934 3058 1087 3135 secundo,
1104 3056 1219 3137 Artuig
1236 3057 1379 3119 citaverit
1394 3077 1491 3140 super

224 3163 366 3246 quodam
392 3162 486 3240 fim0,
518 3164 605 3244 quod
638 3163 764 3224 dicebat
794 3183 851 3244 per
881 3165 985 3244 ipsum
1017 3164 1153 3244 Artngh
1182 3162 1404 3244 potencialiter
1434 3166 1488 3225 ab·

225 3269 376 3344 ductum;
402 3283 431 3329 et
465 3269 538 3349 quia
572 3269 604 3328 in
636 3270 731 3330 tercia
764 3269 919 3330 citacione
952 3270 1183 3330 contumaciter
1214 3288 1279 3329 non
1312 3269 1399 3330 venit
1430 3288 1490 3330 nec

225 3374 322 3451 misit,
345 3373 419 3434 ideo
444 3373 476 3433 in
502 3374 569 3454 Ipsa
594 3374 753 3435 violencia
777 3390 825 3436 est
856 3375 1068 3452 adiudicatus,
1101 3374 1266 3436 convictus
1289 3374 1329 3435 ad
1354 3375 1491 3454 quinde-

225 3481 344 3541 cimum
369 3479 455 3539 diem
480 3480 723 3560 comparandus.

331 3586 409 3647 Item
434 3605 527 3646 causa
553 3585 689 3668 Mykech
713 3585 828 3666 judicis
851 3600 882 3647 et
907 3586 1073 3647 cuiusdam
1091 3586 1131 3646 ad
1155 3599 1228 3648 octo
1253 3586 1320 3647 dies
1345 3600 1392 3648 est
1416 3606 1489 3667 pro·

225 3705 335 3772 rogata
361 3691 400 3750 ad
425 3689 605 3752 faciendam
631 3692 799 3754 iusticiam.

330 3795 407 3856 Item
433 3796 586 3857 Nicolaus
603 3795 741 3858 carnifex
766 3810 892 3858 tenetur
909 3797 1032 3857 solvere
1050 3797 1089 3858 ad
1108 3797 1293 3877 quindecIm
1311 3797 1380 3857 dies
1396 3798 1492 3858 Petro

224 3899 292 3960 filio
316 3900 436 3962 Mathie
462 3902 541 3962 duas
573 3922 694 3963 marcas
726 3917 757 3964 et
788 3903 929 3964 mediam
961 3903 1166 3964 denariorum
1196 3918 1227 3964 et
1258 3903 1398 3964 mediam
1432 3923 1492 3984 pro

225 4004 342 4085 judice.

227 4223 324 4301 Nota.
353 4227 440 4313 quod
468 4226 553 4296 farfa
583 4228 689 4296 tercia
722 4228 876 4314 proxima
905 4235 982 4315 post
1001 4226 1123 4296 festum
1143 4226 1233 4296 beati
1262 4226 1492 4296 Bartholomci

784 4351 941 4438 apostoli.

741 4496 807 4577 (26.
831 4503 973 4577 auguste).

335 4638 442 4700 PrImo
468 4639 594 4701 Mikech
619 4639 704 4701 filius
728 4640 845 4721 Magde
870 4654 979 4702 contra
1005 4640 1177 4702 Martinam
1204 4640 1326 4722 Reyniz
1351 4639 1391 4700 ad
1420 4653 1495 4700 octo

228 4746 298 4807 dies
321 4759 446 4807 tenetur
470 4746 707 4828 perhemptoria
732 4746 935 4828 respondere.

1386 4851 1425 4893 22
