3488 5250
615 334 701 392 Anno
723 332 817 412 1364.
842 367 883 378 —
904 349 938 411 9.
955 338 1105 412 J'onuorii.
1430 356 1468 418 32
1475 357 1489 416 5

231 441 434 447 ——--—-..
454 442 539 447 ———
556 442 570 447 -
801 444 806 448 .
817 441 1002 448 --—————
1028 443 1220 449 ———.
1232 444 1238 449 -
1255 444 1413 451 —-·—-
1436 446 1478 451 —

296 552 394 626 Feria
422 564 522 625 sexta
550 555 706 642 proxima
735 543 831 627 ante*
859 554 982 626 lutum
1012 556 1101 626 beati
1131 554 1254 628 Thone
1283 557 1438 646 apostoli.

729 692 793 762 (22.
817 689 988 755 decembris).

335 811 443 872 Primo
468 810 605 872 Volinus
630 807 718 871 faber
741 824 850 872 contra
867 811 996 873 Petrum
1023 811 1136 873 Seztalc
1160 813 1266 895 primo
1290 813 1403 874 citatus
1426 832 1490 874 non

228 918 417 999 comparuit.

335 1023 413 1086 Item
438 1024 583 1085 Andreas
608 1024 696 1083 Asko
729 1036 837 1084 contra
862 1023 1072 1085 Benedictum
1103 1024 1288 1106 selliparum
1312 1025 1417 1106 primo
1449 1025 1491 1086 ci·

227 1142 311 1190 tatus
335 1150 400 1191 non
426 1129 614 1211 comparuit.

335 1234 414 1296 ltem
439 1235 608 1297 Banchech
633 1249 742 1298 contra
767 1235 932 1297 Emticum
965 1235 1157 1299 frenatorem
1181 1235 1221 1297 ad
1245 1236 1384 1318 primum
1409 1235 1492 1315 judi·

230 1342 315 1403 cium
339 1342 459 1424 recepit
482 1342 656 1403 terminum
685 1341 910 1423 respondendi.

335 1448 413 1510 Item
439 1446 553 1509 Radko
578 1447 673 1509 Zolar
697 1460 805 1509 contra
830 1448 1027 1510 Lucachium
1050 1449 1091 1509 ad
1107 1449 1246 1531 primum
1271 1448 1426 1530 judicium
1443 1470 1491 1511 re-

229 1554 312 1635 cepit
336 1554 510 1616 terminum
535 1553 760 1636 respondendi.

335 1660 412 1721 Item
439 1660 615 1721 Damianos
638 1674 727 1723 sutor
750 1659 921 1722 fenestram
953 1661 993 1721 ad
1018 1660 1152 1723 domum
1182 1681 1239 1723 seu
1263 1661 1383 1722 curiam
1408 1662 1491 1722 Mar-

228 1765 286 1828 tini
323 1765 448 1848 Reyniz
483 1766 668 1829 tendentem
704 1788 777 1829 cum
811 1787 878 1829 uno
909 1766 1030 1849 judicio
1060 1767 1202 1849 aperuit,
1235 1787 1305 1828 cum
1339 1767 1403 1828 alio
1434 1769 1491 1829 ob·

227 1887 348 1934 struere
372 1872 478 1933 debet.

334 1978 412 2040 ltem
437 1977 577 2040 famulus
596 1979 695 2060 ipsius
711 1978 839 2040 Martini
857 1994 971 2041 octavo
988 1979 1040 2041 die
1060 1998 1092 2040 se
1109 1993 1215 2040 sextus
1231 1992 1341 2040 contra
1357 1998 1491 2041 uxorem

229 2085 300 2146 Elie
324 2085 413 2166 parvi
438 2104 495 2166 per
518 2104 550 2145 se
576 2099 681 2146 sextus
704 2085 801 2147 debet
824 2084 938 2167 jurare,
963 2085 1051 2167 quod
1084 2085 1267 2146 nescivisset
1291 2084 1401 2147 lenum
1427 2084 1491 2147 fur·

227 2191 329 2252 tivum
353 2191 507 2254 alienum.

269 2330 272 2335 ·
334 2295 411 2358 ltem
437 2311 551 2359 octavo
576 2297 628 2358 die
645 2297 757 2360 Banko
774 2311 882 2359 contra
901 2297 1065 2359 Thomam
1080 2298 1262 2380 proximum
1281 2297 1379 2358 luank
1396 2297 1491 2361 debet

227 2402 331 2485 jurare
343 2422 439 2485 supet
462 2422 512 2481 eo,
536 2403 624 2485 quod
648 2403 774 2465 nullum
799 2400 910 2464 fenum
932 2422 1026 2464 auum
1051 2403 1221 2484 recepisset
1244 2422 1302 2465 nec
1325 2403 1418 2465 sciret
1435 2405 1490 2486 qui

229 2510 357 2591 recepit,
382 2523 413 2571 et
437 2509 566 2571 tandem
592 2510 659 2591 ipse
684 2508 829 2570 Thomas
852 2508 984 2571 debebit
999 2509 1059 2570 sibi
1083 2509 1159 2571 dare
1182 2509 1266 2571 duos
1288 2529 1399 2572 currus
1414 2509 1490 2573 leni.

335 2614 413 2678 ltem
438 2629 552 2677 octavo
576 2614 629 2676 die
660 2615 798 2676 lacobus
829 2615 994 2677 balneator
1022 2628 1132 2677 contra
1164 2615 1338 2677 Martinum
1363 2635 1491 2678 mosnar

229 2721 355 2801 jurabit,
381 2722 469 2802 quod
486 2735 588 2782 vestes
609 2740 682 2782 suas
698 2736 729 2783 et
745 2721 911 2802 cingulum
928 2740 993 2782 non
1011 2720 1135 2783 dederit
1151 2722 1211 2783 sibi
1229 2721 1269 2783 ad
1286 2722 1489 2787 servandum.

335 2827 413 2890 ltem
438 2841 552 2889 octavo
576 2827 628 2888 die
659 2827 780 2910 Symon
813 2840 922 2889 contra
954 2827 1123 2888 Nicolaum
1155 2826 1283 2889 fratrem
1306 2848 1400 2891 suum
1431 2850 1490 2892 suo

229 2933 390 2995 mediante
416 2934 598 2995 iuramento
614 2932 790 2994 declarabit
813 2946 892 3014 quot
908 2933 1021 2994 starios
1037 2933 1111 2994 salis
1127 2933 1252 2995 duxerit
1274 2954 1333 3016 pro
1357 2936 1416 2997 XX
1432 2934 1491 2998 flo-

229 3039 330 3114 renis;
356 3058 415 3100 nec
439 3057 505 3099 non
529 3038 675 3100 similiter
698 3037 774 3099 luan
800 3036 904 3119 Galga
927 3057 986 3100 suo
1003 3039 1165 3100 mediante
1189 3039 1369 3102 iuramento
1386 3041 1490 3103 decla·

228 3146 310 3208 rabit
333 3165 391 3226 per
413 3158 569 3226 quantum
592 3145 686 3207 staria
710 3144 785 3207 salis
809 3144 1030 3206 vendebantur
1053 3142 1124 3206 foro
1148 3145 1180 3205 in
1205 3145 1331 3208 eodem.

334 3254 411 3315 ltem
424 3252 556 3334 lpolitus
567 3267 677 3314 contra
694 3251 951 3314 Lehcumbaldar
966 3251 1071 3333 primo
1088 3251 1201 3312 citatus
1217 3270 1283 3313 non
1300 3254 1489 3334 comparuit.

334 3359 412 3421 ltem
437 3372 551 3421 octavo
581 3359 634 3420 die
667 3357 795 3421 Gerdak
826 3378 858 3420 se
890 3371 1022 3439 quartus
1052 3370 1160 3418 contra
1192 3354 1321 3418 fratrem
1344 3358 1490 3420 Absurch

227 3465 356 3548 jurabit,
379 3464 467 3547 quod
492 3485 550 3526 nec
575 3465 679 3547 ipsum
704 3484 761 3525 nec
786 3482 918 3525 uxorem
942 3482 1032 3524 suam
1056 3463 1294 3544 vituperaverit.

334 3571 412 3633 ltem
436 3570 575 3633 Bedicha
600 3590 701 3652 usque
726 3570 905 3652 quindenas
928 3568 1016 3630 XCV
1044 3568 1193 3630 denarios
1215 3580 1341 3630 tenetur
1364 3569 1489 3630 solvere

228 3677 364 3739 Nicolao
387 3696 507 3758 genero
533 3676 681 3753 Zelezen,
703 3676 779 3758 quia
802 3675 918 3737 iuravit
941 3693 1037 3756 supet
1060 3675 1156 3756 ipsos.

334 3783 411 3844 ltem
428 3796 543 3844 octavo
567 3782 619 3844 die
638 3781 775 3845 Michael
792 3780 881 3843 saber
903 3801 938 3842 se
954 3779 1113 3841 secundus
1129 3779 1246 3860 jurabit
1261 3794 1370 3842 contra
1387 3780 1489 3864 duby·

228 3890 378 3951 chensem
405 3888 666 3950 archidiaconum
689 3907 784 3969 super
809 3906 858 3965 eo,
883 3886 970 3968 quod
995 3886 1055 3948 sibi
1073 3887 1105 3947 in
1130 3886 1206 3948 vino
1230 3887 1407 3969 dampnum
1425 3907 1489 3950 non

230 3995 372 4059 intulerit
395 3996 425 4056 X
449 3994 656 4056 florenorum.

334 4101 411 4163 ltem
437 4101 594 4163 Martinus
612 4114 701 4162 sutor
717 4100 820 4183 primo
838 4099 951 4161 citatus
967 4113 1077 4161 contra
1094 4100 1202 4162 Petres
1218 4119 1283 4160 non
1300 4100 1489 4182 comparuit.

379 4301 476 4375 feria
506 4303 613 4374 tercia
640 4303 796 4392 proxima
822 4310 900 4392 post
926 4301 1050 4372 festum
1078 4300 1347 4390 Epiphaniarum.

607 4438 705 4514 (Anno
729 4434 820 4515 1364,
844 4454 880 4516 9.
896 4437 1059 4513 januarii).

334 4560 443 4621 Primo
468 4579 561 4622 causa
580 4559 688 4621 relicte
704 4559 833 4621 Martini
849 4558 966 4620 sutoris
986 4570 1096 4620 contra
1113 4556 1293 4619 iohannem
1311 4558 1489 4620 Barbacum

228 4668 259 4729 in
285 4664 369 4729 facto
393 4664 653 4748 interempcionis
685 4665 784 4747 ipsius
808 4665 867 4726 viri
898 4664 947 4727 aui
975 4678 1074 4743 mota,
1103 4663 1208 4725 taliter
1232 4677 1279 4724 est
1308 4664 1488 4741 terminata,

332 4804 348 4840 *
367 4806 487 4871 Corrige:
507 4815 575 4873 post.
