3488 5250
679 321 764 376 Anno
786 316 877 396 1363.
904 335 999 398 -4,
1018 321 1105 397 julii.

265 527 425 590 Clementi
450 527 529 588 duas
553 547 627 589 cum
651 528 756 590 media
780 547 902 591 marcas
926 543 957 592 et
980 528 1077 611 judici
1102 528 1243 592 mediam
1267 531 1392 593 solvere
1410 550 1446 593 ac
1461 551 1528 593 me·

265 632 337 695 dico
362 632 541 695 satisfacere
565 635 736 696 tenebitur.

369 740 448 801 Item
473 753 587 801 octavo
604 739 656 801 die
680 739 816 802 Jancech
835 755 944 803 contra
962 741 1099 802 Paulum
1121 742 1276 824 pictorem
1293 741 1421 823 jurabit,
1438 741 1526 824 quod

263 865 397 907 avenam
423 845 521 927 ipsius
534 846 624 907 Pauli
649 864 715 907 non
739 847 870 909 nomine
888 847 1127 909 communitatis
1151 847 1303 928 cuiquam
1326 847 1526 928 assignasset,

267 952 325 1013 nisi
358 951 497 1030 dixisset,
529 950 617 1032 quod
649 951 750 1034 ipsam
782 971 917 1014 avenam
949 970 1008 1034 pro
1036 951 1175 1014 denariis
1207 971 1313 1014 emere
1343 952 1528 1015 volentibus

265 1058 448 1140 assignaret.

370 1163 448 1225 item
473 1175 587 1226 octavo
612 1162 664 1223 die
689 1160 828 1224 famulus
852 1163 970 1225 Donati
994 1183 1028 1225 se
1051 1162 1168 1226 tercius
1192 1176 1301 1225 contra
1325 1161 1464 1243 judicem
1481 1161 1529 1243 ju·

268 1269 359 1347 rabit,
384 1266 472 1349 quod
497 1267 614 1329 dumus
637 1269 766 1350 spineos
790 1268 922 1330 metales
945 1282 1027 1331 terre
1051 1288 1107 1330 sue
1132 1287 1197 1330 non
1221 1281 1398 1330 mactasset.

371 1373 449 1435 Item
464 1387 577 1435 octavo
595 1373 647 1434 die
663 1374 819 1435 Martinus
836 1374 961 1456 Reyniz
977 1387 1086 1436 contra
1104 1373 1288 1435 Emericum
1301 1372 1528 1435 subcustodem

265 1477 392 1558 jurabit,
416 1479 527 1560 quanti
552 1478 670 1540 valoris
693 1477 754 1540 fuit
775 1478 942 1541 venditum
959 1498 1015 1560 per
1039 1479 1143 1561 ipsum
1167 1476 1405 1556 subcustodem,
1429 1496 1527 1560 quem

263 1584 407 1646 valorem
431 1584 499 1666 ipse
523 1585 690 1645 subcustos
713 1603 814 1666 usque
835 1583 1015 1666 quindenas
1038 1583 1098 1645 sibi
1122 1583 1248 1645 solvere
1271 1583 1377 1646 debet.

369 1690 447 1751 ltem
472 1689 547 1771 quia
572 1689 754 1751 Demetrius
778 1690 883 1772 Brayn
909 1689 1095 1771 obligamen
1128 1708 1222 1750 suum
1246 1687 1447 1751 fideiussoiio
1469 1707 1529 1750 no·

265 1795 351 1857 mine
375 1815 433 1877 pro
446 1795 561 1878 Vydak
577 1809 687 1857 contra
704 1797 800 1878 Myke
817 1793 937 1856 facturn
961 1794 1104 1872 violavit,
1122 1794 1218 1875 igitur
1234 1813 1356 1855 marcas
1372 1793 1528 1875 quinque,

266 1900 306 1962 ad
331 1920 411 1981 quas
434 1900 577 1963 noscitur
600 1920 667 1962 esse
691 1900 862 1981 obligatus,
879 1900 982 1962 solvet
998 1900 1104 1961 eidem
1128 1900 1214 1960 Mike
1239 1918 1341 1981 usque
1358 1899 1426 1960 dies
1442 1912 1528 1960 octo.
1636 1887 1640 1894 ⁹

372 2007 450 2068 Item
475 2026 568 2068 causa
590 2006 716 2067 Nicoiai
740 2006 901 2087 organiste
934 2019 965 2066 et
988 2006 1098 2068 relicte
1131 2005 1299 2067 Michaelis
1322 2004 1432 2067 estad
1455 2017 1529 2067 octo

264 2110 333 2173 dies
356 2111 395 2172 ad
421 2131 532 2193 pacem
557 2111 703 2173 deducta.

370 2216 448 2279 Item
473 2236 568 2278 causa
600 2217 728 2278 Martini
760 2216 938 2299 Wlkowoy
970 2230 1000 2277 et
1032 2216 1183 2297 Symonis
1205 2216 1352 2278 similiter
1382 2215 1422 2277 ud
1454 2229 1528 2278 octo

266 2321 334 2383 dies
357 2336 402 2383 est
426 2321 466 2383 ad
490 2340 603 2404 pacem
627 2321 773 2382 deducta.

369 2429 448 2491 Item
472 2448 574 2509 usque
598 2441 748 2489 octavum
765 2426 852 2487 diem
869 2426 1019 2508 Dragona
1032 2439 1120 2488 sutor
1136 2426 1294 2505 debitum,
1318 2444 1384 2507 quo
1399 2439 1526 2488 tenetur

265 2532 396 2617 Gyuralt
419 2534 530 2611 sutori,
555 2552 628 2595 cum
652 2545 759 2614 parata
789 2531 926 2614 pecunia
950 2532 1017 2593 sine
1050 2531 1195 2594 ulteriori
1227 2531 1449 2594 calcitracione
1473 2551 1526 2593 ex·

263 2641 387 2701 solvere
411 2652 535 2701 tenetur
559 2653 590 2701 et
616 2639 796 2720 assumpsit.
846 2713 851 2722 ἱ

370 2744 447 2807 ltem
472 2743 614 2806 Cussech
645 2743 778 2806 lonchar
810 2743 914 2826 primo
949 2742 1062 2805 citatus
1094 2755 1205 2805 contra
1228 2742 1437 2805 Benedictum
1461 2761 1528 2804 non

264 2850 452 2932 comparuit.

370 2954 448 3017 Item
473 2955 605 3016 maritus
630 2955 746 3017 Demse
771 2968 801 3015 et
830 2953 941 3016 Petrus
971 2954 1076 3038 primo
1101 2955 1187 3017 citati
1219 2968 1329 3017 contra
1352 2953 1528 3016 Martinum

264 3081 330 3124 non
354 3074 612 3143 comparuerunt.

370 3167 447 3228 ltem
471 3165 684 3227 deliberatum
708 3178 765 3245 est,
788 3177 823 3226 ut
838 3165 1002 3247 persoluto
1026 3163 1135 3225 debito
1153 3163 1287 3225 Nicolao
1312 3162 1526 3226 Zrebemicha

265 3291 322 3354 per
358 3270 523 3334 Thomam
552 3271 765 3353 gladiparum,
800 3270 916 3332 domus
939 3283 970 3331 et
992 3269 1112 3331 fundus
1143 3289 1255 3331 eorum
1286 3269 1442 3332 indivisus
1472 3288 1530 3352 per

267 3379 401 3461 longum
426 3378 598 3440 dividatur.

369 3487 447 3548 Item
471 3499 585 3546 octavo
609 3483 660 3545 die
695 3483 812 3545 Paulus
842 3482 945 3565 pictor
975 3502 1009 3543 se
1032 3481 1150 3543 tercius
1174 3493 1283 3543 contra
1307 3480 1446 3543 Jancech
1475 3479 1524 3563 ju·

264 3592 356 3670 rabit,
381 3591 469 3672 quod
493 3591 620 3652 nullum
652 3587 923 3651 aldomassionem
954 3586 1014 3648 sibi
1034 3606 1092 3669 pro
1120 3605 1170 3664 eo,
1195 3599 1230 3649 ut
1260 3586 1405 3649 debitum
1428 3605 1525 3668 suum

264 3699 296 3760 in
321 3717 423 3760 avena
446 3696 485 3757 ad
510 3694 774 3758 communitatem
799 3693 981 3772 deduceret,
1008 3692 1216 3775 promisisset.

277 3931 374 4006 Faria
402 3936 510 4006 tercia
536 3935 691 4022 proxima
718 3941 795 4021 post
822 3932 946 4004 festum
973 3931 1202 4020 apostolorum
1228 3930 1321 4001 Petri
1350 3938 1384 4001 et
1410 3928 1518 4001 Pauli.

815 4081 970 4160 usuu-

369 4224 477 4285 Primo
501 4223 620 4285 Paulus
636 4237 744 4285 contra
763 4221 957 4303 Gregorium
981 4240 1038 4304 per
1062 4219 1102 4282 G.
1119 4221 1249 4282 Brokun
1267 4233 1299 4282 et
1315 4218 1360 4281 St.
1377 4217 1528 4280 Pundich

263 4329 483 4391 testimonium
508 4348 602 4410 super
625 4348 682 4390 sua
706 4327 922 4409 acquisicione
946 4326 1112 4410 producet.

369 4436 447 4497 item
474 4436 584 4497 Mareu
609 4448 719 4497 contra
743 4433 851 4495 Endre
876 4433 915 4495 ad
940 4446 1013 4496 octo
1046 4432 1113 4494 dies
1137 4431 1257 4512 recepit
1286 4429 1460 4492 terminum
1484 4428 1527 4492 ad

263 4541 535 4624 respondendum.

369 4647 447 4709 Item
471 4647 623 4708 Vorricus
646 4643 829 4726 lucifigulus
852 4659 962 4707 contra
978 4643 1045 4706 Juri
1070 4642 1271 4725 luciiigulum
1296 4642 1337 4704 ad
1360 4654 1434 4704 octo
1458 4639 1529 4703 dies

263 4752 384 4835 recepit
407 4752 583 4815 terminum
608 4751 647 4812 ad
672 4749 945 4832 respondendum.
