3488 5250
283 355 342 417 116
685 358 885 434 Anno1359.
912 390 952 400 -
976 351 1007 418 8.
1031 358 1139 418 martii

382 567 460 630 Item
486 578 602 629 octavo
626 566 679 629 die
703 565 874 628 Radchecb
906 566 1054 628 sacerdos
1077 567 1297 648 procuratorio
1322 565 1454 628 nomine
1481 584 1539 647 pro

279 675 387 737 relicta
413 673 568 736 Demetrii
593 673 667 735 dicti
694 672 805 735 Merha
828 692 885 754 per
914 672 1073 734 Bricciurn
1107 672 1227 736 Trosth
1251 686 1283 735 et
1305 672 1467 734 Andream
1491 690 1539 733 sa·

276 780 439 843 cerdotem
464 792 574 842 contra
599 777 727 840 fratrem
751 777 893 840 custodis
915 778 1136 840 testimonium
1159 778 1336 861 producere
1360 789 1495 840 tenetur.
1583 777 1584 780 ’

383 886 460 947 Item
485 885 561 947 luan
587 884 651 946 beli
676 897 787 946 contra
810 884 915 946 Vanse
940 884 1044 966 primo
1067 884 1180 946 citatus
1203 903 1269 946 non
1294 882 1483 965 comparuit.

384 991 461 1052 Item
485 991 580 1052 causa
604 1009 667 1072 que
690 989 823 1052 vertimr
839 989 1043 1053 interVitum
1068 1003 1099 1051 et
1116 988 1295 1071 Georgium
1318 989 1358 1051 ad
1381 1000 1455 1049 octo
1472 987 1540 1049 dies

278 1096 317 1158 ad
343 1116 454 1180 pacem
480 1109 526 1158 est
550 1108 730 1178 prorogata.

382 1203 459 1265 ltem
484 1202 645 1264 lohannes
669 1201 827 1264 Hobocha
851 1216 960 1264 contra
978 1203 1120 1266 relictam
1144 1202 1230 1264 Petri
1253 1201 1418 1285 piscatoris
1433 1200 1538 1284 primo

276 1309 390 1370 citatus
413 1327 479 1370 non
503 1307 692 1389 comparuit.

383 1415 459 1475 ltem
477 1412 611 1475 luchech
629 1426 738 1475 contra
755 1412 899 1475 relictam
916 1415 993 1476 Jurk
1010 1415 1114 1497 primo
1136 1415 1249 1476 citatus
1262 1424 1338 1475 non'
1349 1411 1537 1495 comparuit.

385 1521 464 1582 ltem
495 1520 520 1581 si
553 1518 682 1602 Mathey
713 1517 808 1581 frater
838 1519 942 1582 Vanse
974 1540 1076 1603 usque
1107 1534 1256 1583 octavum
1287 1519 1373 1581 diem
1398 1518 1538 1601 Endrey,

278 1625 365 1688 fratri
390 1626 458 1686 Kus
489 1625 688 1686 voluntatem
721 1643 785 1686 non
818 1625 969 1704 inveniet,
1000 1639 1076 1688 tunc
1108 1623 1257 1708 quitquid
1289 1623 1374 1685 idem
1409 1624 1538 1685 racione

276 1751 388 1795 census
412 1730 453 1792 ad
476 1730 573 1793 fidem
598 1729 728 1812 recipiet
752 1731 819 1811 ipse
844 1730 974 1814 Mathey
996 1731 1121 1794 solvere
1144 1729 1314 1793 tenebitur.

381 1837 459 1899 ltem
483 1835 592 1898 Golob
616 1849 681 1897 met
705 1836 821 1898 tercius
843 1850 952 1898 contra
981 1837 1150 1899 Nicolaum
1176 1834 1468 1898 molendinatorem
1484 1854 1536 1896 oc-

276 1957 350 2005 tavo
375 1942 427 2004 die
451 1940 554 2023 jurare
577 1954 713 2004 tenetur.
1122 1923 1125 1928 Α

381 2048 459 2110 ltem
482 2047 635 2109 Albertus
659 2059 767 2108 contra
788 2045 891 2108 filium
908 2046 982 2109 God
999 2048 1104 2129 primo
1128 2049 1241 2111 citatus
1257 2068 1323 2111 non
1347 2047 1535 2131 comparuit.

380 2154 458 2215 ltem
482 2173 563 2214 uxor
595 2153 668 2214 Kun
700 2165 810 2213 contra
843 2153 1006 2214 Emricum
1040 2153 1183 2216 Kochich
1215 2154 1319 2236 primo
1351 2155 1445 2217 citata
1469 2173 1534 2216 non

273 2260 463 2342 comparuit.

378 2365 456 2426 ltem
481 2363 556 2444 quia
582 2363 699 2424 Paulus
730 2361 819 2424 faber
849 2364 1024 2444 quemdam
1056 2385 1176 2446 equum
1204 2386 1222 2427 a
1247 2367 1403 2428 Jakmone
1426 2379 1535 2449 apote-

273 2471 359 2533 cario
375 2469 596 2552 potencialiter
612 2468 776 2549 reciperat,
795 2467 868 2530 ideo
890 2488 990 2550 usque
1004 2470 1247 2551 quindecimum
1260 2471 1347 2534 diem
1367 2472 1463 2552 judici
1477 2493 1535 2555 pro

274 2595 354 2658 pena
372 2575 411 2636 lll
429 2594 542 2657 pensas
558 2573 775 2652 denariorum,
800 2574 926 2656 ipsique
942 2575 1091 2637 Jalrmoni
1117 2577 1200 2638 LXll
1225 2576 1374 2638 denarios
1396 2576 1534 2659 (solvat).

380 2680 458 2741 ltem
483 2679 559 2760 quia
581 2678 666 2740 idem
692 2679 820 2756 Paulus,
844 2678 949 2761 judice
973 2700 1031 2762 pro
1051 2682 1203 2744 tribunali
1227 2682 1370 2761 sedente,
1385 2683 1534 2745 eundem

273 2785 413 2867 judicem
438 2799 473 2847 ut
498 2805 562 2846 non
585 2785 677 2847 licuit
700 2785 805 2847 verbis
835 2785 938 2848 affecit
972 2787 1144 2868 injuriosis,
1175 2789 1340 2851 convictus
1363 2790 1464 2853 estin
1488 2789 1535 2871 ju-

275 2891 360 2954 dicio
383 2893 413 2952 X
438 2909 616 2952 marcarum
638 2910 697 2972 pro
720 2891 790 2972 ipso
815 2890 920 2971 judice
943 2892 1181 2956 solvendarum.

380 2996 457 3058 ltem
482 2994 570 3077 quod
594 2995 661 3057 luri
686 2995 788 3057 dictus
813 2997 899 3059 Zitar
922 2996 1023 3059 filium
1056 3000 1165 3061 lureni
1191 2999 1347 3081 legittime
1378 3000 1465 3061 citari
1490 2999 1535 3061 la-

274 3102 389 3164 ciendo
421 3119 601 3184 proponere
631 3101 745 3163 maluit
773 3115 882 3164 contra
913 3103 1063 3183 eundem,
1091 3105 1257 3166 convictus
1279 3118 1326 3166 est
1358 3105 1390 3166 in
1414 3104 1534 3187 judicio

273 3206 370 3268 trium
394 3225 577 3289 pensarum.

380 3313 456 3374 ltem
482 3326 528 3374 est
552 3311 726 3392 decretum,
750 3326 785 3374 ut
808 3314 1004 3396 ubicumque
1029 3313 1148 3376 Trosth
1180 3313 1270 3376 faber
1293 3316 1390 3398 Myke
1414 3315 1534 3377 balnia-

273 3432 386 3496 torem,
410 3417 499 3478 salvo
523 3417 596 3479 loco
623 3418 761 3480 balneali
780 3419 919 3500 magistri
943 3419 999 3497 St,
1024 3419 1167 3482 invenire
1191 3421 1319 3502 poterit,
1351 3420 1532 3503 captivandi

272 3522 405 3583 liberam
430 3521 560 3583 habebit
584 3520 778 3584 facultatem.

380 3626 458 3688 ltem
481 3627 593 3691 Petrus
617 3627 712 3688 Zolar
735 3647 836 3710 usque
853 3629 1095 3711 quindecimum
1120 3630 1205 3692 diem
1224 3643 1350 3691 tenetur
1372 3631 1534 3691 exsolvere

276 3730 525 3794 confraternitati
555 3732 758 3794 sclavonicali
791 3734 823 3794 in
853 3754 967 3796 manus
999 3736 1121 3797 Mareni
1153 3735 1265 3798 decani
1297 3735 1381 3796 Xllll
1413 3755 1536 3797 marcas

273 3837 489 3899 denariorum.

379 3943 456 4004 ltem
481 3956 595 4005 octavo
619 3945 670 4007 die
688 3945 869 4006 Domianus
885 3944 1055 4027 Chiplicha
1073 3965 1128 4026 per
1154 3945 1339 4007 Sanclinum
1358 3959 1389 4007 et
1406 3947 1534 4008 Kunam

275 4048 441 4111 mulierem
474 4063 584 4112 contra
616 4049 772 4112 famulum
806 4051 935 4112 Martini
971 4070 1066 4132 super
1098 4052 1284 4112 verberibus
1314 4052 1533 4113 testimonium

272 4154 447 4236 producere
471 4168 606 4218 tenetur.

376 4259 454 4322 ltem
488 4261 677 4323 Valentinus
708 4262 857 4322 sacerdos
888 4275 997 4322 contra
1030 4260 1165 4322 Paulum
1197 4261 1301 4342 primo
1333 4261 1446 4322 citatus
1468 4281 1534 4322 non

271 4367 459 4447 comparuit.

377 4470 455 4533 ltem
489 4473 724 4534 sentencialiter
757 4486 803 4533 est
834 4472 1016 4548 decretum,
1053 4470 1142 4552 quod
1174 4471 1250 4552 quia
1282 4470 1418 4554 Mykech
1451 4469 1535 4532 lilius

274 4575 432 4637 Leunardi
456 4577 633 4639 rebellione
662 4577 775 4638 ductus
806 4576 846 4638 ad
879 4576 1082 4656 judiciarium
1116 4589 1259 4637 nostrum
1291 4576 1479 4638 mandatum
1504 4589 1535 4638 et

270 4681 530 4743 commissionem
555 4682 744 4764 legittimam
768 4683 832 4743 iam
857 4682 889 4742 in
920 4682 1020 4743 tercio
1051 4682 1190 4742 termino
1223 4680 1343 4742 litteras
1377 4680 1533 4763 quasdam

271 4796 415 4867 tempore
445 4786 604 4866 judicatus
635 4786 772 4870 Mykech
803 4786 860 4848 filii
892 4786 1007 4849 Hench
1045 4787 1127 4848 inter
1157 4786 1263 4868 ipsum
1295 4799 1326 4847 et
1358 4786 1532 4848 Matrinum
