3488 5250
696 312 782 368 Anno
805 306 895 386 1356.
923 344 960 353 -
987 324 1034 386 17.
1051 313 1144 386 junii.

465 525 561 599 Feria
589 534 687 598 sexta
714 530 866 616 proxima
895 539 973 617 post
1000 529 1123 600 festum
1151 528 1381 600 Pentekosten.

831 682 893 757 (17.
909 681 1019 757 junir').

398 838 506 898 Primo
531 833 684 899 Crisanua
720 837 759 898 de
783 836 950 899 Pobreaaia
982 852 1092 900 contra
1117 839 1248 899 Petrum
1280 838 1419 920 Mekyna
1451 837 1556 919 primo

293 945 407 1006 citatus
430 963 495 1005 non
524 943 713 1025 comparuit.

398 1051 476 1111 Item
501 1049 631 1132 Endrey
654 1048 768 1111 Zuizth
792 1063 903 1112 contra
933 1049 1103 1111 Nicolaum
1134 1050 1288 1132 pistorem
1312 1049 1417 1132 primo
1441 1049 1555 1111 citatur

293 1175 358 1217 non
383 1155 571 1236 comparuit.

399 1261 477 1323 Item
510 1280 603 1322 causa
635 1279 697 1342 que
729 1261 861 1322 vertitur
893 1260 974 1324 inter
1007 1261 1160 1342 lapicidas
1184 1274 1215 1323 et
1245 1260 1348 1322 filium
1373 1261 1479 1343 Erney
1510 1273 1558 1322 est

292 1380 463 1450 prorogata
487 1365 527 1428 ad
552 1380 625 1428 octo
650 1365 728 1427 dica.

398 1473 475 1534 Item
493 1470 655 1534 Christina
673 1485 782 1533 contra
799 1470 979 1533 Iohannem
996 1470 1097 1533 filium
1120 1472 1288 1534 Laurencii
1313 1472 1483 1553 assumpsit
1499 1471 1556 1534 ho·

289 1579 436 1641 stendere
461 1591 575 1640 octavo
600 1577 651 1638 die
675 1576 850 1658 quemdam
874 1577 977 1639 Vidak
1002 1598 1019 1638 a
1044 1598 1109 1660 quo
1134 1578 1332 1660 comparavit
1353 1577 1455 1660 palos.

397 1683 474 1745 Item
508 1682 618 1744 Petres
649 1681 788 1743 carnifex
820 1697 930 1745 contra
955 1682 995 1746 G.
1027 1682 1183 1746 Ztaunich
1215 1684 1320 1766 primo
1352 1684 1465 1746 citatus
1487 1703 1554 1746 non

292 1789 481 1870 comparuit.

397 1895 474 1956 Item
499 1893 618 1956 Paulus
647 1907 757 1956 contra
782 1894 961 1956 Iohannem
995 1895 1164 1957 Laurencii
1188 1909 1302 1958 octavo
1334 1895 1385 1956 die
1409 1895 1552 1957 testimo-

291 1999 382 2061 nium
406 1999 582 2082 producere
607 1999 726 2082 (debet)
758 2019 814 2082 per
838 2000 1018 2062 Iohannem
1042 2002 1177 2080 Zobota,
1210 1999 1405 2081 Gregorium
1430 2001 1553 2063 balnia-

291 2120 393 2167 torem
418 2119 449 2167 et
473 2102 620 2167 Cernech
643 2125 738 2188 cuper
762 2106 937 2188 vituperiis.

396 2211 473 2273 Item
498 2231 670 2293 causaque
694 2212 827 2274 vertitur
843 2213 925 2274 inter
942 2213 982 2273 M.
1011 2213 1149 2274 condam
1165 2212 1305 2294 judicem
1329 2226 1361 2274 et
1385 2214 1553 2275 Marenum

290 2318 330 2378 ad
354 2336 465 2399 pacem
490 2316 529 2378 ad
554 2331 704 2379 octavum
728 2317 814 2378 diem
838 2331 885 2379 est
909 2331 1089 2400 prorogata.

395 2423 472 2484 Item
497 2423 537 2484 N.
554 2423 752 2484 Kuroredica
770 2436 879 2485 contra
897 2423 1025 2485 Petrum
1051 2422 1178 2486 fratrem
1198 2424 1294 2485 Jakxe
1311 2423 1416 2505 prImo
1441 2423 1553 2484 citatus

290 2547 355 2589 non
380 2529 568 2610 comparuit.

395 2635 474 2697 Item
498 2635 603 2717 prImo
627 2633 748 2715 judicio
779 2633 968 2717 jobagiones
1000 2635 1124 2697 domini
1149 2636 1233 2698 Petri
1266 2635 1385 2718 Ligetii
1403 2654 1552 2716 ,assump-

289 2753 397 2801 serunt
421 2740 598 2821 producere
615 2740 835 2802 testimonium
850 2754 960 2803 contra
977 2740 1169 2803 quaninum
1186 2760 1359 2824 preconem
1383 2753 1414 2801 et
1438 2740 1553 2821 Pupas,

292 2846 347 2927 qui
372 2846 522 2907 dicuntur
546 2847 688 2929 Krynke.

396 2951 473 3013 Item
498 2952 608 3012 Mareu
634 2950 815 3013 Lachkonis
838 2965 948 3014 contra
981 2952 1159 3014 Francham
1192 2952 1296 3034 prImo
1335 2952 1448 3013 citatus
1486 2970 1552 3013 non

290 3057 479 3138 comparuit.

394 3161 472 3223 Item
496 3161 621 3223 Blasius
652 3162 830 3224 Bremeuak
862 3176 971 3225 contra
997 3163 1177 3225 Iohannem
1208 3163 1313 3244 primo
1344 3163 1456 3224 citatus
1487 3181 1552 3224 non

290 3268 478 3349 comparuit.

394 3374 471 3434 Item
496 3392 589 3434 causa
613 3392 676 3455 que
700 3374 833 3436 vertitur
856 3374 938 3436 inter
962 3375 1174 3437 Benedictum
1198 3388 1229 3436 et
1254 3373 1397 3436 Blasium
1421 3373 1461 3434 ad
1478 3387 1552 3435 octo

290 3479 358 3540 dies
382 3493 428 3541 est
451 3493 634 3562 prorogata.

393 3585 472 3647 Item
495 3604 589 3647 causa
613 3604 675 3666 que
700 3584 833 3646 vertitur
857 3585 939 3648 iuter
956 3585 1093 3648 Katham
1118 3600 1148 3647 et
1173 3587 1283 3647 Mareu
1308 3585 1348 3647 ad
1372 3604 1484 3667 pacem
1510 3583 1551 3646 ad

287 3704 360 3752 octo
386 3690 454 3751 dies
476 3703 522 3750 est
546 3703 727 3772 prorogata.

393 3795 470 3858 Item
485 3796 613 3877 Sugaua
630 3810 741 3859 contra
759 3796 994 3878 Margaretham
1010 3798 1152 3859 secundo
1169 3798 1262 3859 citata
1279 3817 1344 3859 non
1361 3797 1549 3880 comparuit.

393 3901 470 3962 Item
496 3901 625 3983 Hudlep
643 3917 753 3964 contra
770 3901 950 3965 Iohannem
971 3902 1074 3965 filium
1088 3903 1249 3966 ChriatIne
1272 3905 1414 3966 secundo
1438 3905 1551 3966 citatus

288 4026 352 4067 non
377 4007 564 4088 comparuit.

393 4112 471 4174 Item
495 4131 677 4194 causaque
701 4114 834 4176 vertitur
857 4115 939 4177 inter
956 4116 993 4179 N.
1018 4129 1049 4177 et
1073 4116 1187 4177 Jakmo
1211 4115 1252 4176 ad
1276 4135 1387 4197 pacem
1412 4115 1452 4177 ad
1477 4130 1551 4178 octo

287 4218 354 4279 dies
378 4231 424 4278 est
449 4233 630 4300 prorogata.

392 4323 469 4386 Item
495 4325 616 4386 Malina
641 4339 751 4388 contra
776 4326 821 4388 St.
845 4327 987 4388 secundo
1012 4327 1104 4389 citata
1129 4347 1195 4390 non
1220 4329 1408 4411 comparuit.

393 4429 469 4490 Item
495 4450 588 4492 causa
614 4427 743 4493 Crizani
780 4445 811 4493 et
843 4431 997 4494 Iohannis
1030 4431 1087 4495 filii
1113 4434 1291 4513 Laurencii‚
1320 4434 1360 4497 ad
1384 4449 1458 4498 octo
1483 4436 1551 4498 dies

287 4550 335 4597 ert
358 4550 539 4616 prorogata.

392 4642 470 4703 Item
479 4641 593 4703 Pzicha
604 4642 851 4726 Endreycontra
860 4645 1034 4708 Martinum
1044 4646 1148 4728 primo
1159 4646 1272 4708 citatus
1285 4665 1349 4708 uon
1359 4648 1548 4728 comparuit.

393 4746 471 4809 Item
488 4748 653 4810 Janzlinus
677 4763 787 4812 contra
804 4750 993 4813 Kuasicharn
1012 4751 1116 4833 primo
1140 4752 1254 4814 citatus
1276 4772 1343 4814 uon
1359 4753 1548 4835 comparuit.
