3488 5250
625 315 712 372 Anno
736 326 828 392 1359.
853 349 896 357 —
920 328 969 389 19.
998 317 1109 374 martii.

233 522 359 585 fabrum
384 523 423 586 de
449 525 585 605 Possega
610 539 642 585 et
672 523 871 585 Lukachiuru
903 539 1068 602 sartorem,
1091 524 1194 587 filium
1227 525 1336 586 Rados
1358 524 1400 587 ad
1423 539 1497 588 octo

234 629 302 690 dies
325 629 365 690 ad
390 631 615 692 atestacionem
641 650 850 712 personarum
884 629 1155 712 infrascriptarum
1180 653 1235 714 per
1266 646 1370 714 partes
1393 632 1494 695 addu-

232 735 417 814 cendarum,
442 737 610 798 videlicet:
630 737 804 798 Martinum
818 736 965 814 ZeIezen‚
990 738 1028 798 N.
1048 752 1202 799 sartorem
1227 751 1258 799 et
1281 737 1405 800 Malech
1429 739 1496 821 pel-

232 840 347 903 Iificem
372 861 430 923 pro
454 856 543 924 parte
568 843 666 924 ipsius
692 842 823 902 Lukacii
849 841 999 903 aurifabri
1029 856 1059 904 et
1083 863 1139 924 per
1164 843 1292 924 Endrey
1315 842 1416 905 filium
1436 845 1496 905 Pu·

232 948 294 1008 Iani
321 968 379 1030 pro
403 962 491 1030 parte
517 948 562 1010 St.
587 947 750 1026 antedicti,
775 939 821 1009 e'st
844 961 1024 1029 prorogata.

339 1055 416 1116 Item
442 1059 550 1136 Arney
583 1068 685 1116 sartor
716 1068 826 1115 contra
858 1054 986 1115 Petrum
1019 1052 1215 1115 aurifabrum
1247 1055 1352 1136 primo
1383 1055 1496 1117 citatus

231 1180 296 1222 non
322 1161 510 1242 comparuit.

338 1267 415 1328 Item
441 1267 551 1347 Krupa
576 1265 640 1327 filia
673 1264 748 1327 God
780 1279 811 1327 et
842 1268 936 1327 Anna
968 1279 1081 1327 octavo
1106 1265 1158 1327 die
1190 1280 1298 1327 contra
1330 1265 1496 1327 dominam

233 1371 419 1450 Blancham,
444 1372 612 1433 Elizabeth
637 1371 734 1433 filiam
761 1371 906 1432 eIusdem
938 1385 969 1432 et
993 1390 1125 1432 uxorem
1157 1375 1265 1453 Arney
1289 1372 1417 1432 sartoris
1440 1391 1496 1455 per

232 1479 380 1540 domInas
404 1479 546 1540 relictam
564 1478 678 1559 Artuig
692 1490 722 1539 et
739 1478 884 1539 Iakmam
909 1478 1129 1539 testImonium
1145 1478 1323 1559 producere
1347 1459 1495 1539 tenentur

231 1605 325 1667 super
349 1606 399 1664 eo,
424 1585 511 1667 quod
537 1585 604 1666 ipse
623 1583 845 1665 potencialiter
861 1582 900 1644 ad
926 1583 1060 1644 domum
1078 1583 1176 1664 ipsius
1194 1585 1303 1664 Krupe
1320 1583 1495 1662 venientes,

232 1692 332 1772 ipsam
358 1692 501 1773 Krupam
527 1703 558 1752 et
581 1695 709 1750 Annam
733 1688 909 1771 predictam
938 1688 1112 1749 enormiter
1136 1690 1362 1751 verberassent.

337 1798 415 1858 Item
449 1796 605 1858 Martinus
636 1809 725 1857 sutor
756 1808 865 1857 contra
900 1795 1072 1856 Nicolaum
1097 1795 1222 1856 Kordar
1252 1795 1358 1878 primo
1382 1796 1495 1856 citatus

231 1923 295 1965 non
322 1904 510 1986 comparuit.

337 2010 414 2071 Item
438 2009 571 2070 domina
602 2008 710 2070 relicta
743 2008 920 2069 Martinkus
954 2022 1063 2068 contra
1095 2007 1242 2069 Cemech
1265 2007 1370 2088 prImo
1400 2007 1493 2069 citata

231 2135 295 2176 non
324 2115 512 2197 comparuit.

336 2222 413 2282 Item
425 2221 499 2282 Iuan
511 2220 609 2281 Malik
623 2232 731 2281 contra
747 2217 939 2299 Gregorium
950 2217 1091 2279 secundo
1101 2217 1214 2279 citatus
1224 2237 1288 2278 non
1302 2218 1492 2299 comparuit.

336 2328 413 2389 Item
446 2326 580 2388 lucbech
615 2339 724 2388 contra
760 2325 903 2387 relictam
936 2325 1087 2386 Jurkonis
1117 2324 1258 2386 secundo
1291 2325 1403 2386 citatus
1426 2343 1492 2386 non

230 2434 418 2515 comparuit.

334 2541 411 2601 Item
437 2539 628 2600 ValentInus
651 2536 798 2598 sacerdos
822 2548 931 2598 contra
957 2536 1092 2598 Paulum
1117 2536 1259 2598 secundo
1283 2537 1397 2598 citatus
1426 2555 1492 2597 non

229 2658 416 2727 comparuit.

335 2751 412 2813 Item
446 2750 603 2813 Martinus
635 2762 744 2811 contra
781 2749 916 2810 Paulum
955 2748 1109 2830 pictorem
1144 2749 1249 2830 primo
1280 2749 1393 2809 citatus
1426 2766 1492 2808 non

229 2858 417 2939 comparuit.

334 2964 412 3025 Item
438 2963 482 3025 St.
508 2963 627 3024 ZauaIa
653 2975 682 3023 et
701 2959 860 3042 Georgius
878 2960 973 3021 ZoIar
991 2972 1101 3022 contra
1126 2958 1326 3021 Lucachium
1350 2972 1492 3021 sutorem

229 3070 333 3152 prImo
358 3069 443 3131 citati
469 3088 534 3130 non
562 3080 820 3149 comparuerunt.

335 3175 413 3237 Item
439 3175 576 3236 Iacobus
592 3174 722 3234 Zirotka
739 3188 770 3234 et
795 3173 951 3234 Martinus
967 3191 1096 3233 mosnar
1112 3185 1220 3233 contra
1235 3171 1339 3233 Eliam
1357 3191 1490 3253 parvum

228 3282 332 3363 primo
357 3281 442 3343 citati
467 3300 532 3342 uon
556 3291 813 3360 comparuerunt.

333 3389 412 3450 Item
438 3388 482 3449 St.
507 3385 592 3448 filius
616 3385 761 3447 Cemech
786 3398 895 3447 contra
919 3385 1044 3446 Banum
1068 3385 1174 3468 primo
1192 3384 1305 3446 citatus
1320 3402 1386 3445 uon
1403 3403 1489 3446 com·

228 3494 344 3576 paruit.

334 3601 411 3662 Item
437 3598 632 3682 Meynardus
645 3611 754 3661 contra
772 3598 935 3660 Pokorech
960 3600 1064 3681 primo
1081 3599 1194 3660 citatus
1210 3618 1276 3660 non
1300 3599 1489 3681 comparuit.

334 3706 410 3767 Item
436 3725 517 3767 uxor
541 3707 616 3766 Kun
641 3717 750 3765 contra
776 3704 940 3765 Emricum
965 3705 1108 3766 Kochich
1140 3703 1282 3765 secundo
1306 3705 1400 3766 citata
1423 3723 1488 3766 non

226 3812 414 3893 comparuit.

333 3919 411 3980 Item
436 3917 572 3979 Mathias
589 3917 744 3979 litteratus
768 3929 877 3977 contra
897 3915 1075 3977 Iohannem
1100 3929 1253 3977 sartorem
1266 3915 1306 3977 ad
1331 3930 1404 3978 octo
1421 3915 1489 3978 dies

227 4024 346 4106 recepit
371 4023 543 4084 terminum
568 4022 607 4084 ad
637 4021 909 4105 respondendum.

332 4130 410 4190 Item
435 4129 591 4190 Martinus
614 4128 699 4190 filius
722 4127 846 4210 Wlkoy
878 4141 987 4190 contra
1013 4127 1206 4209 Gregorium
1239 4129 1344 4211 primo
1376 4128 1489 4189 citatus

227 4255 291 4298 non
324 4234 511 4316 comparuit.

333 4341 410 4402 Item
435 4341 543 4402 relicta
568 4341 645 4402 Suik
670 4355 779 4403 contra
805 4341 995 4402 Michaelem
1019 4339 1160 4401 secundo
1185 4339 1278 4401 citata
1303 4358 1368 4400 non
1400 4358 1487 4401 com·

227 4448 340 4530 paruit.

333 4555 410 4614 Item
436 4553 561 4615 Malech
586 4553 681 4615 ZoIar
704 4565 813 4615 contra
839 4553 932 4615 Sosse
957 4553 1061 4635 primo
1085 4553 1199 4614 citatus
1216 4572 1280 4614 non
1298 4551 1486 4633 comparuit.

333 4659 410 4720 Item
436 4661 546 4721 Mareu
575 4659 768 4721 subsoliator
795 4659 937 4720 secundo
966 4673 997 4720 et
1021 4657 1114 4720 Iuech
1138 4659 1243 4741 primo
1268 4657 1352 4720 citati
1377 4670 1486 4719 contra

227 4763 383 4827 iacobum
407 4765 536 4827 Zirotka
559 4785 625 4827 non
649 4779 907 4847 comparuerunt.
