3488 5250
618 341 817 422 Asso1365.
840 357 956 404 -12.
979 345 1106 416 sumti.
1436 359 1495 421 335

236 456 338 464 ’-
354 456 391 461 --.
405 454 453 460 ..-..

340 558 418 620 ltem
443 554 581 620 Jancech
605 551 765 618 aurifaber
799 567 909 617 contra
933 553 1063 616 Petrum
1087 552 1190 615 filium
1215 553 1330 615 Miseni
1355 551 1497 615 secundo

235 665 347 728 citatus
371 682 436 724 non
465 660 654 743 comparuit.

340 769 419 831 ltem
443 766 564 829 Finech
588 779 776 849 procurator
791 765 898 827 relicte
924 764 1058 829 Hanche
1075 780 1184 828 contra
1208 765 1378 827 Nicolaum
1395 762 1498 825 filium

236 876 375 954 Maritus,
400 887 587 957 procurator
610 872 758 951 existens,
782 871 883 954 ipsam
908 891 1035 935 causam
1060 872 1100 934 ad
1124 872 1298 933 terminum
1321 869 1362 932 ad
1386 888 1498 952 pacem

234 996 266 1044 et
289 980 495 1043 concordiam
520 979 664 1059 rogabat,
695 976 750 1039 ubi
782 977 815 1039 in
847 977 976 1040 duobus
1006 977 1165 1041 conaveris
1195 976 1322 1057 judiciis
1345 989 1392 1038 est
1422 993 1498 1037 con·

234 1087 348 1166 victus,
372 1099 403 1149 et
432 1084 567 1147 tercium
600 1083 754 1164 judicium
787 1083 863 1164 quia
894 1083 961 1165 ipae
993 1082 1113 1144 Finech
1144 1081 1316 1145 clamidem
1341 1080 1373 1142 in
1397 1078 1498 1160 figura

236 1192 335 1254 nostri
359 1190 469 1272 judicii
494 1208 559 1252 non
583 1188 742 1271 deposuit.

342 1297 421 1359 ltern
445 1314 539 1357 causa
563 1294 676 1356 eadem
700 1313 757 1376 per
779 1294 898 1376 probos
922 1294 1008 1355 viros
1025 1294 1076 1355 vel
1099 1292 1139 1355 ad
1157 1311 1269 1376 pacem
1293 1291 1344 1353 vel
1368 1292 1409 1353 ad
1427 1310 1497 1373 per·

234 1403 449 1485 hemptoriam
473 1399 714 1484 responsionem
739 1413 786 1461 est
808 1413 935 1481 recepta
959 1399 1000 1460 ad
1023 1418 1147 1482 pacem.

340 1507 417 1569 ltem
448 1506 568 1588 Bislrup
591 1519 680 1567 sutor
711 1519 822 1568 contra
847 1504 892 1569 St.
924 1505 1079 1587 pictorem
1104 1505 1205 1587 prima
1243 1504 1404 1566 citacione.
1431 1522 1496 1565 non

234 1613 422 1696 comparuit.

340 1719 418 1781 ltem
451 1718 596 1780 Thomas
620 1715 704 1779 lilius
735 1715 872 1778 Velandi
905 1716 937 1778 in
966 1714 1067 1798 ligura
1099 1717 1199 1780 nostri
1230 1716 1339 1797 judicii
1365 1715 1444 1777 dixit
1467 1729 1498 1777 et

234 1824 368 1908 protulit
391 1841 502 1886 contra
526 1821 653 1884 Miltech
676 1820 779 1883 filium
804 1819 918 1883 Hench
948 1821 1098 1900 dicendo,
1120 1822 1209 1904 quod
1232 1822 1380 1884 universa
1395 1821 1496 1903 litigia

236 1930 288 1993 vel
312 1950 408 1993 cause
431 1942 540 1992 essent
566 1928 699 1991 excitate
731 1942 762 1989 et
793 1941 879 1989 mote
911 1946 968 2009 per
999 1929 1138 1992 eundem
1162 1930 1207 1992 M.
1238 1948 1302 2011 que
1332 1942 1497 1990 vertuntur

235 2037 317 2098 inter
342 2034 529 2118 Capitulum
553 2047 585 2097 et
608 2033 780 2111 civitatem,
804 2051 861 2115 per
892 2034 981 2115 quod
1005 2035 1116 2097 civitas
1147 2035 1324 2117 dampnum
1348 2053 1495 2117 perpessa

236 2142 338 2205 extitit
361 2160 425 2203 non
450 2139 628 2218 modicum,
643 2139 730 2200 unde
747 2139 780 2200 in
796 2139 918 2201 octavis
940 2141 1185 2222 Assumpcionis
1200 2141 1334 2222 virginis
1356 2140 1496 2220 gloriose

235 2248 328 2310 ambe
352 2260 457 2329 partes
481 2245 600 2308 debent
623 2263 819 2325 comparere.

339 2351 416 2414 ltem
452 2351 604 2413 dominus
639 2350 750 2412 Petrus
783 2349 868 2412 lilius
904 2350 1021 2432 Ligerii
1053 2349 1199 2412 exhibuit
1232 2351 1352 2416 litteras
1386 2366 1495 2414 contra

233 2456 360 2520 Mikech
384 2456 488 2519 lilium
511 2456 628 2537 Magde
650 2475 747 2538 super
769 2455 880 2518 debito
904 2455 959 2518 CL
983 2454 1190 2519 florenorum.

341 2561 418 2624 ltem
442 2562 598 2625 Amoltus
620 2560 705 2624 filius
729 2560 768 2623 G.
794 2561 835 2623 ad
859 2575 933 2623 octo
965 2560 1033 2623 dies
1056 2577 1166 2624 contra
1198 2563 1352 2625 Mathiam
1378 2565 1496 2647 recepit

232 2667 407 2729 terminum
431 2666 472 2728 ed
496 2666 767 2749 respondendum.

341 2772 418 2834 ltem
444 2771 484 2835 G.
509 2773 590 2834 Zuilr
614 2771 758 2835 secundo
782 2772 896 2834 citatus
918 2787 1104 2836 contra...
1129 2793 1194 2836 non
1218 2776 1408 2858 comparuit.

340 2877 417 2939 ltern
441 2878 596 2940 Nicolaus
619 2877 745 2940 Kordar
769 2892 878 2941 contra
903 2879 1047 2942 Marcum
1071 2880 1269 2943 sacerdotem
1294 2883 1436 2945 secundo
1452 2884 1495 2947 ci·

232 2999 316 3048 tatus
340 3003 405 3046 non
430 2984 617 3065 comparuit.
859 3050 861 3052 ,
1323 3064 1325 3068 Ι

339 3090 417 3152 ltem
435 3088 559 3151 Rihcha
574 3103 688 3152 octavo
705 3088 759 3151 die
773 3103 900 3152 tenetur
915 3105 981 3152 met
996 3105 1082 3153 sexta
1100 3092 1264 3174 deponere
1279 3093 1494 3174 juramentum

232 3214 292 3278 pro
316 3195 459 3275 quodam
483 3195 602 3277 pepulo
627 3194 714 3276 quod
739 3195 840 3257 Pausa
869 3196 994 3258 dicebat
1017 3217 1049 3258 se
1073 3199 1114 3258 ab
1145 3199 1259 3260 eadem
1283 3217 1494 3281 comparasse,

233 3301 321 3383 quod
345 3301 500 3383 pepulum
524 3320 582 3383 per
604 3301 773 3363 Nicolaum
799 3299 903 3363 luerat
926 3301 1109 3364 inhibitum.

340 3405 588 3488 ltem'Philippa
613 3406 721 3468 relicta
739 3406 903 3469 Benedicti
921 3407 1035 3488 judicis
1055 3409 1194 3470 secunda
1212 3410 1368 3471 citacione
1384 3425 1493 3473 contra

234 3511 364 3573 Petrum
387 3510 526 3592 judicem
552 3531 617 3574 non
641 3513 820 3594 comparuit
844 3532 902 3574 nec
925 3514 1020 3576 misit.

338 3617 417 3678 ltem
441 3637 521 3679 uxor
537 3617 619 3679 Vole
642 3619 770 3680 sartoris
785 3633 895 3680 contra
916 3619 1083 3680 Marenum
1107 3619 1202 3681 Zolar
1217 3620 1320 3701 prima
1337 3622 1493 3684 citacione

231 3741 298 3784 non
322 3723 511 3804 comparuit.

337 3828 415 3889 ltem
447 3829 582 3911 Alspeca
612 3829 723 3911 pistrix
761 3848 881 3910 panum
921 3843 1030 3892 contra
1063 3830 1271 3892 Benedictum
1311 3831 1492 3913 selliparem

231 3934 374 3996 secundo
405 3935 497 3995 citata
523 3954 587 3996 non
620 3935 809 4016 comparuit.
1255 3937 1258 3942 ’

336 4039 415 4101 ltem
439 4040 551 4102 Kaulta
575 4053 683 4101 contra
708 4041 841 4103 luanurn
866 4041 1008 4103 secundo
1032 4042 1124 4102 citata
1150 4061 1215 4103 non
1239 4044 1428 4124 comparuit.

337 4145 414 4206 ltem
440 4146 568 4206 Markus
591 4159 706 4207 octavo
729 4146 782 4207 die
804 4160 871 4208 met
892 4147 1051 4208 secundus
1073 4160 1199 4208 tenetur
1223 4148 1384 4229 deponere
1409 4149 1492 4228 jura·

231 4263 376 4311 mentum
400 4266 509 4312 contra
534 4250 697 4332 quandam
726 4252 895 4313 mulierem
911 4272 1006 4334 anper
1023 4271 1072 4330 eo,
1097 4254 1185 4333 quod
1210 4254 1277 4335 ipsa
1301 4254 1416 4315 mulier
1431 4256 1491 4316 sibi

231 4353 408 4436 dampnum
432 4356 594 4437 sexaginta
619 4355 826 4418 denariorum
849 4357 1016 4421 intulisset.
1052 4378 1056 4387 ·

337 4461 415 4522 ltem
440 4462 593 4524 Nicolaus
615 4460 755 4524 carnifex
775 4477 988 4544 assumpserat
1003 4463 1162 4525 adducere
1178 4464 1398 4527 testimonium
1414 4465 1490 4527 fide-

230 4565 364 4646 dignum
388 4586 483 4648 super
506 4585 556 4644 e0,
580 4566 668 4648 quod
692 4568 759 4649 ipae
784 4569 912 4629 Petrum
928 4567 1030 4630 filium
1055 4568 1174 4630 Mathie
1198 4571 1378 4632 vulneravit
1395 4590 1492 4653 super

231 4689 281 4748 eo,
304 4685 336 4733 et
358 4672 496 4734 termino
527 4673 717 4734 adveniente
750 4673 872 4736 dictum
906 4674 1125 4735 testimonium
1157 4694 1222 4736 non
1246 4675 1408 4757 produxit,
1432 4695 1491 4737 nec

229 4777 317 4839 venit
340 4796 399 4838 nec
424 4778 520 4856 misit,
544 4796 602 4839 nec
627 4779 658 4839 in
683 4779 897 4859 premissis..
923 4798 1050 4840 causam
1074 4781 1252 4861 aprobavit.
