3488 5250
584 375 784 456 Anno1360.
809 413 853 422 -
877 393 923 439 11.
947 360 1085 452 augustis
1397 376 1450 438 181

190 561 317 669 iudiciis
341 601 387 650 est
410 588 584 666 convictus,
612 587 728 669 quibus
753 588 784 648 in
809 587 909 669 figura
934 588 1042 649 iudicii
1074 587 1237 670 depositis,
1261 601 1388 649 tenetur
1412 587 1451 648 de

192 713 281 756 novo
305 693 445 755 eundem
471 694 576 757 citare.

295 800 373 861 Item
397 820 494 862 causa
519 800 716 862 Marketonis
733 813 763 862 et
780 799 911 861 domine
929 800 1050 862 Cecilie
1071 800 1112 860 ad
1135 800 1275 882 prImum
1299 799 1454 881 judicium

189 905 344 967 adventus
369 907 510 987 magistri
536 906 647 968 Jacobi
673 907 705 967 in
731 907 920 988 Zagrabiam
946 919 991 968 est
1016 918 1197 988 prorogata.

296 1012 391 1090 Nota,
414 1011 502 1093 quod
527 1031 612 1074 anno
628 1013 687 1072 sub
711 1011 855 1093 predicto
871 1011 992 1074 scilicet
1012 1010 1194 1074 MCCCLX
1211 1010 1242 1073 in
1269 1010 1350 1073 festo
1368 1012 1452 1073 beati

191 1117 356 1179 Benedicti
380 1118 504 1179 abbatis
527 1116 592 1199 (rr.
626 1117 725 1198 Julii),
759 1116 904 1198 diligenti
937 1117 1185 1197 Investigacione
1217 1117 1382 1199 prehabito
1407 1137 1453 1179 re·

190 1235 317 1303 pertum
343 1223 444 1284 extitit
461 1223 514 1301 ita,
539 1223 627 1304 quod
644 1222 859 1285 communitas
875 1223 1025 1284 omnibus
1041 1223 1107 1284 suis
1123 1222 1322 1286 debitoribus
1339 1223 1456 1304 quibus

192 1329 436 1410 quoquomodo,
462 1329 628 1410 quibusvis
651 1328 767 1390 debitis
791 1342 821 1391 et
841 1328 1112 1411 quandocumque
1138 1329 1239 1392 fuerat
1256 1329 1396 1410 obligata
1424 1344 1454 1391 et

190 1437 368 1513 tenebatur,
392 1434 562 1516 plenariter
586 1448 617 1495 et
641 1435 761 1514 integre
780 1434 939 1512 satisfecit,
965 1454 1023 1496 nec
1047 1435 1187 1517 cuipiam
1203 1436 1374 1518 quitquam
1405 1455 1452 1496 re·

191 1554 318 1622 pertum
333 1541 453 1617 teneri;
478 1541 551 1602 ideo
576 1541 727 1622 deinceps
754 1541 862 1602 nullus
877 1540 1047 1602 hominum
1072 1541 1221 1622 quitquid
1245 1541 1348 1623 ipsam
1366 1561 1452 1604 com·

192 1647 381 1709 munitatem
395 1660 540 1729 pretextu
553 1646 652 1708 debiti
666 1647 805 1708 cuinsvis
818 1647 958 1727 inpetere
973 1666 1036 1708 non
1054 1661 1179 1709 tenetur
1195 1667 1251 1709 seu
1263 1647 1451 1710 indebitare.

218 1864 313 1950 Nota,
342 1866 429 1955 quod
458 1868 565 1937 tercia
593 1865 678 1938 teria
708 1869 861 1955 proxima
887 1874 961 1955 post
989 1862 1112 1938 festum
1141 1868 1230 1938 beati
1261 1867 1435 1939 laurencii

744 1992 910 2062 martiris.

717 2168 775 2236 (11.
799 2162 938 2237 augusta).

295 2304 404 2364 PrImo
429 2301 628 2383 DampIanus
653 2300 798 2363 woschar
829 2316 937 2363 contra
971 2300 1129 2362 Doklezin
1146 2299 1192 2361 de
1225 2300 1295 2361 vico
1322 2299 1452 2361 Latino·

189 2428 260 2469 rum
286 2409 390 2490 primo
414 2408 527 2470 citatus
550 2427 615 2469 non
641 2407 831 2488 comparuit.

296 2515 372 2576 Item
400 2513 600 2594 Margaretha
624 2511 795 2574 Pazaricha
820 2527 930 2574 contra
948 2511 1126 2593 Georgium
1150 2512 1325 2574 litteratum
1350 2512 1454 2594 prImo

190 2621 283 2683 citata
309 2640 374 2682 non
399 2620 587 2701 comparuit.

201 2734 208 2751 ·
296 2726 374 2788 Item
399 2725 572 2787 MercIInus
596 2724 735 2787 carnifex
752 2739 873 2816 ¹octavo
890 2724 943 2786 die
967 2725 992 2786 si
1010 2725 1153 2786 inveniet
1176 2723 1374 2785 voluntatem
1391 2725 1453 2787 De·

190 2833 305 2911 metrii,
329 2833 411 2895 bene
436 2831 578 2913 quidem,
602 2832 746 2914 ali0quin
771 2831 831 2912 juri
856 2831 980 2912 parebit
1010 2845 1120 2893 contra
1146 2829 1295 2893 eundem.

294 2938 372 3000 Item
398 2937 598 3019 Dampianus
613 2951 702 2999 sutor
725 2951 835 2999 contra
853 2938 928 2998 Iuan
946 2936 1063 2999 Cemer
1080 2936 1119 2999 ad
1145 2948 1218 2998 octo
1243 2935 1311 2997 dies
1335 2937 1454 3019 recepit

189 3045 362 3106 terminum
387 3044 427 3106 ad
452 3044 723 3127 respondendum.

295 3150 372 3211 Item
398 3170 491 3211 causa
518 3170 580 3231 que
612 3151 744 3212 vertitur
776 3151 857 3211 inter
890 3149 1080 3212 Michaelem
1110 3148 1210 3212 Saffar
1241 3163 1272 3212 et
1297 3151 1453 3211 Iacobum

190 3255 263 3315 Kun
289 3256 327 3316 ad
353 3269 426 3317 octo
451 3255 519 3318 dies
542 3255 582 3317 ad
607 3275 717 3337 pacem
736 3269 781 3318 est
803 3270 971 3337 prorogata
996 3275 1051 3337 per
1074 3268 1180 3335 testes,
1204 3255 1342 3317 scilicet:
1368 3255 1448 3317 Pau·

189 3379 267 3441 sam,
293 3361 436 3423 Obraam
460 3376 490 3423 et
515 3362 703 3444 Georgium,
728 3362 760 3422 in
780 3381 861 3443 quos
884 3381 916 3422 se
942 3375 1045 3442 partes
1068 3362 1294 3423 submiserunt.

295 3468 372 3529 Item
382 3467 512 3529 Obraad
525 3481 634 3530 contra
649 3467 754 3528 Petres
762 3465 941 3528 carnificem
949 3467 1053 3549 prImo
1067 3467 1180 3529 citatus
1188 3486 1253 3529 non
1262 3467 1452 3549 comparuit.

294 3574 372 3635 Item
397 3573 508 3635 Petrus
525 3573 635 3635 decani
661 3587 691 3634 et
714 3573 845 3654 Gurgek
862 3585 971 3634 contra
990 3573 1119 3635 Petrum
1143 3573 1248 3654 primo
1272 3572 1359 3635 citati
1384 3592 1450 3634 non

191 3692 452 3761 comparuerunt.

296 3785 489 3846 Itemrelicta
500 3784 913 3846 MartinkuscontraPunek
929 3785 1071 3846 secundo
1081 3784 1174 3845 citata
1182 3804 1248 3845 non
1257 3785 1448 3866 comparuit.

295 3891 372 3951 Item
398 3891 508 3951 Mareu
532 3890 652 3970 juratus
676 3904 706 3951 et
728 3909 827 3970 gener
851 3890 1018 3973 Radozlay
1042 3890 1168 3972 pistoris
1191 3889 1295 3951 taliter
1313 3889 1451 3952 infacto

190 3997 389 4078 infrascripto
413 3996 518 4058 taliter
541 3995 770 4076 testificarunt,
803 3996 890 4078 quod
926 3996 1079 4058 Lubanlra
1111 3996 1227 4058 mulier
1251 4015 1325 4057 cum
1350 4016 1448 4059 uxore

189 4102 245 4164 filii
271 4102 403 4163 Strozalr
428 4102 460 4162 in
485 4102 584 4163 domo
608 4101 751 4163 eiusdem
774 4121 842 4163 sese
866 4117 978 4163 mutuo
1010 4115 1041 4162 et
1064 4102 1160 4164 altera
1186 4101 1319 4163 alteram
1343 4101 1449 4163 verbis

188 4208 334 4288 turpibus
359 4220 610 4289 pertractassent,
627 4206 687 4269 hoc
703 4222 810 4269 tamen
835 4207 875 4268 ad
893 4207 1003 4269 feriam
1023 4221 1142 4269 sextam
1168 4221 1213 4268 est
1232 4188 1449 4288 prorogatum.

296 4313 372 4374 Item
405 4313 598 4375 Benedictus
629 4313 758 4393 sellipar
790 4326 898 4374 contra
931 4313 1065 4373 Pausarn
1098 4314 1203 4393 primo
1236 4312 1350 4375 citatus
1385 4333 1449 4374 non

189 4419 378 4495 comparuit.

296 4526 372 4588 Item
396 4545 574 4605 causaque
598 4524 730 4586 vertitur
754 4526 836 4587 inter
859 4524 1075 4606 Dampianum
1103 4544 1138 4585 ac
1163 4523 1264 4585 filium
1289 4523 1368 4602 eius,
1392 4543 1450 4585 nec

191 4653 255 4694 non
281 4634 436 4694 Iacobum
461 4632 589 4692 Zirotlra
612 4630 653 4691 ad
677 4645 750 4693 octo
775 4630 843 4692 dies
866 4630 906 4692 ad
931 4650 1041 4711 pacem
1068 4644 1114 4692 est
1136 4641 1318 4712 prorogata.

296 4739 372 4799 Item
410 4736 553 4818 Dragech
585 4736 841 4798 testimonialiter
878 4736 1052 4818 quamdam
1084 4734 1237 4813 domum,
1274 4736 1316 4797 ob
1352 4754 1449 4817 quam

190 4843 321 4926 quidam
347 4846 495 4906 Mareuus
519 4856 629 4907 contra
653 4862 728 4905 eum
751 4843 907 4925 litIgabat,
931 4861 1022 4905 suam
1047 4862 1114 4904 esse
1139 4841 1370 4924 comprobavit.
