3488 5250
583 363 847 442 Ann01362.-
864 380 919 442 30.
943 367 1114 441 septembris.

321 573 398 634 Item
423 593 517 636 causa
543 574 781 636 Hermankonis
805 590 837 637 et
860 576 968 638 Petres
992 589 1039 638 est
1055 576 1097 637 ad
1121 591 1194 638 octo
1217 577 1287 637 dies
1310 576 1352 638 ad
1367 597 1480 659 pacem

215 693 393 762 prorogata.
1049 747 1052 752 ,

321 786 398 847 Item
423 787 605 849 Demetrius
628 801 737 850 contra
763 787 942 849 Iohannem
960 789 1138 850 Barbacum
1155 788 1259 870 primo
1277 789 1390 850 citatus
1415 809 1480 851 non

215 892 404 973 comparuit.

320 998 399 1059 Item
424 1018 517 1060 causa
543 980 651 1061 Petres
675 1012 705 1061 et
722 998 827 1061 fratris
845 1000 968 1060 Mareas
992 999 1095 1060 estad
1120 1012 1193 1061 octo
1218 998 1286 1060 dies
1310 999 1351 1060 ad
1367 1020 1479 1082 pacem

215 1118 395 1185 prorogata.

320 1210 397 1271 Item
422 1211 526 1292 primo
551 1210 671 1273 iudicio
695 1210 852 1272 adventus
865 1213 1006 1273 Abraam
1025 1211 1179 1291 Kussech,
1204 1231 1260 1293 per
1284 1210 1425 1273 eundem
1449 1225 1481 1272 et

216 1314 353 1376 Bartuch
384 1331 494 1377 contra
530 1317 645 1378 Katam
675 1317 900 1379 testimonium
930 1317 1086 1399 producet
1109 1317 1141 1378 in
1175 1337 1225 1395 e0,
1256 1317 1345 1398 quod
1378 1318 1482 1379 claves

214 1419 330 1482 domus
354 1422 463 1483 relicte
491 1420 644 1483 Gordone
668 1423 729 1484 sibi
755 1422 979 1504 potencialiter
1003 1423 1169 1484 tenuisset.

319 1527 399 1589 Item
424 1528 625 1609 Margaretha
649 1541 763 1590 octavo
788 1528 841 1590 die
866 1542 975 1590 contra
993 1528 1173 1590 Iohannem
1199 1526 1325 1589 fabrum
1345 1546 1378 1588 se
1395 1541 1481 1588 sexta

215 1632 246 1693 ia
272 1631 358 1695 furtu
383 1632 478 1695 debet
501 1654 536 1696 se
562 1653 748 1716 expurgare.

320 1739 398 1801 Item
424 1740 562 1802 Jacobus
593 1740 668 1801 Kun
702 1754 812 1801 contra
837 1740 1012 1802 MartInum
1045 1740 1169 1822 Reyniz
1201 1739 1343 1801 secundo
1368 1739 1481 1800 citatus

214 1865 278 1907 non
303 1847 493 1928 comparuit.

320 1952 397 2013 Item
422 1965 536 2013 octavo
560 1951 612 2012 die
637 1951 747 2013 Punek
765 1966 875 2013 contra
900 1971 1033 2013 uxorem
1050 1952 1149 2013 Marci
1173 1972 1205 2012 se
1222 1965 1329 2013 sertus
1352 1951 1480 2032 jurabit,

214 2057 302 2138 quod
326 2059 450 2139 pullum
475 2078 570 2119 suum
594 2077 659 2120 non
684 2056 893 2119 interfecisset
916 2077 975 2120 nec
999 2078 1070 2119 eam
1095 2058 1313 2140 vituperasset.

320 2165 397 2225 Item
421 2178 535 2226 octavo
560 2164 610 2225 die
635 2164 713 2226 Wlk
738 2179 849 2227 contra
882 2165 1011 2226 Petrum
1044 2183 1076 2224 se
1107 2163 1224 2225 tercius
1247 2164 1369 2226 iurabit
1392 2163 1481 2246 quod

214 2269 318 2351 ipsum
344 2290 409 2331 non
433 2271 631 2332 verberasset
654 2290 713 2331 nec
744 2271 965 2352 vituperasset,
990 2283 1021 2332 et
1042 2283 1154 2352 postea
1175 2269 1243 2330 vice
1269 2289 1359 2331 versa
1383 2270 1481 2349 solus,

214 2377 302 2456 quod
326 2376 450 2437 asinum
476 2396 570 2437 suum
594 2395 660 2436 non
684 2374 903 2438 interfecisset.
1315 2451 1320 2461 Ι

320 2483 399 2544 Item
424 2495 537 2543 octavo
562 2482 614 2543 die
640 2482 684 2544 St.
709 2495 820 2544 contra
853 2482 1019 2544 Vrbanum
1051 2501 1107 2564 per
1132 2479 1312 2542 Iohannem
1338 2481 1481 2542 testimo·

214 2588 303 2649 nium
329 2588 506 2670 producere
532 2589 636 2666 debet,
672 2588 761 2669 quod
794 2607 929 2649 avenam
962 2586 1124 2668 quandam
1156 2586 1293 2648 deloco
1319 2587 1481 2649 movisset.

320 2694 398 2755 Item
423 2707 536 2756 octavo
561 2693 612 2755 die
637 2713 767 2755 consors
800 2694 916 2776 Mykus
946 2691 1004 2755 filii
1035 2693 1113 2755 Iuan
1145 2705 1256 2753 contra
1280 2691 1418 2753 Paulum
1440 2692 1481 2753 de

214 2799 406 2883 Kaproncha
430 2799 622 2862 duodecima
646 2819 754 2862 secum
781 2800 903 2861 civissis
919 2799 1047 2878 iurabit,
1072 2797 1161 2879 quod
1185 2797 1271 2857 idem
1296 2797 1481 2879 octuaginta

213 2907 292 2967 duas
316 2927 437 2967 marcas
461 2926 517 2967 sue
540 2906 673 2967 minime
699 2905 839 2967 dedisset
862 2905 1115 2966 conservacioni.

318 3014 395 3074 Item
420 3027 534 3075 octavo
559 3013 610 3074 die
636 3013 712 3073 Iuan
737 3026 847 3074 contra
871 3009 970 3072 filiam
996 3010 1070 3073 God
1094 3030 1127 3071 se
1151 3024 1258 3071 sextus
1281 3008 1413 3089 jurabit.

318 3111 395 3181 Item
421 3132 536 3181 octavo
561 3120 612 3181 dIe
638 3119 754 3180 Demsa
787 3132 897 3180 contra
921 3118 1027 3179 Eliam
1052 3137 1084 3178 se
1109 3130 1215 3179 sextus
1238 3115 1365 3196 jurabit,
1391 3114 1481 3196 quod

213 3224 352 3306 quedam
376 3225 442 3287 duo
467 3226 593 3307 pellicia
617 3225 702 3286 idem
727 3226 815 3287 Elias
838 3226 899 3286 sibi
924 3224 964 3286 ad
989 3223 1245 3286 conservandum
1270 3222 1418 3285 dedisset.

318 3332 396 3393 Item
420 3337 513 3393 Anna
538 3330 603 3394 filia
627 3331 773 3394 Absurch
798 3345 908 3392 contra
941 3331 1047 3392 Elium
1071 3342 1186 3391 octavo
1209 3329 1261 3390 die
1286 3348 1318 3389 se
1344 3329 1480 3410 septIma

212 3437 339 3517 jurabit,
364 3438 451 3519 quod
477 3439 515 3498 de
541 3439 598 3499 xl.
622 3439 736 3499 marcis
760 3437 924 3519 acquisitis
958 3455 1014 3518 pet
1037 3436 1178 3497 eundem
1202 3436 1246 3497 nil
1272 3434 1412 3497 baberet.

318 3543 396 3604 Item
418 3563 512 3605 causa
536 3542 677 3606 Cussech
702 3557 733 3605 et
757 3542 900 3604 eiusdem
919 3547 1022 3620 Anne,
1047 3542 1122 3622 quia
1147 3539 1381 3622 potenciarium
1405 3558 1480 3601 eum

213 3648 396 3730 appellavit,
421 3663 466 3710 est
491 3649 530 3711 ad
555 3664 629 3710 octo
653 3648 721 3710 dies
745 3662 927 3730 prorogata.

319 3754 396 3816 Item
420 3770 534 3817 octavo
560 3755 611 3816 die
636 3755 784 3817 Vrbanus
808 3774 841 3816 se
865 3753 982 3815 tercius
1006 3765 1117 3814 contra
1135 3752 1311 3834 Symonem
1337 3752 1368 3811 in
1395 3748 1480 3811 furtu

213 3859 308 3920 debet
332 3880 364 3921 se
390 3880 576 3942 expurgate.

320 3967 396 4027 Item
422 3967 506 4027 idem
525 3967 672 4028 Vrbanus
697 3965 811 4028 eodem
840 3965 891 4026 die
909 3985 964 4046 per
980 3963 1083 4026 filium
1108 3964 1225 4045 Angeli
1250 3977 1280 4023 et
1304 3963 1479 4023 Iurkonem

211 4073 431 4135 testImonium
457 4087 566 4134 contra
591 4072 728 4133 eundem
755 4073 932 4154 producere
957 4070 1063 4148 debet,
1088 4068 1176 4151 quod
1201 4089 1274 4131 cum
1298 4087 1337 4129 eo
1363 4086 1479 4128 conve·

214 4181 309 4241 nisset
334 4192 421 4240 utet
446 4192 580 4239 matrem
604 4197 791 4239 conservare
818 4177 957 4238 deberet.

320 4285 396 4346 Item
422 4285 525 4345 Draxe
544 4284 649 4366 primo
669 4272 782 4345 citatus
800 4298 910 4345 contra
935 4282 1071 4343 Paulum
1089 4280 1225 4344 condam
1251 4280 1390 4362 judicem
1414 4299 1480 4341 non

213 4391 402 4473 comparuit.

264 4478 265 4482 Ἰ
319 4498 397 4558 Item
407 4515 501 4557 causa
512 4494 638 4556 Mikech
652 4495 766 4576 judicis
781 4510 811 4557 et
825 4496 869 4558 St.
884 4495 1001 4556 Kunda
1016 4493 1113 4555 estad
1128 4508 1201 4555 octo
1217 4492 1285 4554 dies
1297 4506 1480 4574 prorogata.

318 4604 396 4665 Item
421 4601 584 4665 Iohannes
607 4602 816 4664 stacionarius
840 4601 883 4680 id,
908 4616 942 4663 ut
967 4601 1119 4662 Nicolaus
1152 4598 1279 4661 Kordar
1303 4618 1336 4660 se
1360 4598 1478 4660 tercius

213 4710 344 4773 deberet
367 4729 400 4771 se
418 4723 528 4771 contra
553 4729 627 4771 eum
643 4709 676 4769 iu
693 4708 825 4770 vulnere
851 4727 1038 4790 expurgare,
1063 4707 1101 4767 ad
1120 4707 1318 4788 presenciam
1335 4705 1480 4767 iudicum

212 4818 419 4898 antiquorum
451 4816 634 4898 appellavit.
