3488 5250
353 523 431 583 Item
456 524 563 584 Petres
594 538 703 585 contra
735 525 855 607 Wythe
888 545 1041 606 generum
1075 547 1170 588 suum
1202 527 1242 588 ad
1267 541 1339 589 octo
1370 530 1437 591 dies
1464 550 1512 591 re-

247 629 331 708 cepit
355 630 529 689 terminum
553 629 593 689 ad
619 630 890 712 respondendum.

354 734 433 794 Item
458 736 527 795 Kus
551 735 689 796 carnifex
715 751 823 797 contra
841 736 1013 798 Nicolaum
1037 737 1154 799 ruffum
1178 740 1284 820 prImo
1308 741 1421 801 citatus
1445 761 1511 803 non

247 840 435 920 comparuit.

353 945 431 1006 Item
457 946 643 1008 Hermanko
661 947 800 1008 carnifex
826 963 935 1009 contra
952 948 1060 1009 Petres
1076 950 1255 1030 loripedem
1272 952 1377 1032 primo
1399 952 1512 1013 citatus

247 1070 312 1112 non
347 1053 536 1133 comparuit.

357 1158 434 1218 Item
460 1158 572 1219 BenIto
597 1173 711 1220 octavo
735 1159 786 1220 die
811 1173 876 1220 met
911 1160 1026 1220 tercius
1060 1174 1169 1221 contra
1201 1161 1376 1222 Jurizlaum
1408 1161 1512 1242 jurare

247 1278 381 1325 tenetur.

353 1371 431 1430 Item
455 1370 559 1451 primo
577 1369 696 1451 judicio
712 1371 862 1451 magister
877 1371 921 1435 St.
937 1385 1123 1452 procurator
1140 1372 1291 1433 KaterIne
1308 1371 1372 1434 filie
1386 1372 1511 1434 Pauleti

246 1489 356 1537 contra
381 1477 507 1558 copiam
531 1476 694 1557 papIream
718 1490 843 1538 tenetur
871 1477 1065 1559 respondere
1098 1478 1220 1558 etipse
1245 1477 1284 1539 G.
1309 1478 1349 1539 ad
1374 1478 1510 1560 acquisi-

247 1581 373 1641 cionem
397 1601 453 1641 sue
478 1582 596 1641 sororis
619 1583 769 1662 predicte.

351 1686 430 1746 Item
453 1686 594 1747 chhko
619 1707 725 1747 coram
750 1686 895 1747 Pezdech
919 1688 1024 1768 primo
1048 1688 1160 1749 citatus
1184 1708 1249 1748 non
1274 1690 1462 1770 comparuit.

352 1792 429 1853 Item
454 1792 532 1853 Pina
558 1807 667 1854 contra
692 1793 854 1873 Sugauam
880 1793 1021 1853 secundo
1047 1793 1159 1854 citatus
1184 1814 1249 1856 non
1275 1795 1464 1876 comparuit.

353 1899 432 1959 Item
457 1918 536 1959 uxor
560 1899 656 1976 Mike,
681 1898 817 1959 condam
842 1899 950 1959 relicta
967 1899 1117 1980 Symonis
1142 1900 1217 1960 dicti
1243 1899 1419 1980 StetnIcha,
1450 1919 1507 1960 no-

246 2004 335 2065 mine
360 2004 482 2065 domini
507 2005 567 2064 viri
593 2005 652 2082 sui,
678 2018 711 2065 ut
734 2004 822 2085 prius
843 2004 997 2065 denotum
1017 2020 1063 2065 est
1087 2006 1118 2066 in
1144 2019 1283 2084 caterno,
1312 2007 1409 2067 tercia
1433 2005 1511 2067 feria

245 2109 388 2190 proxime
413 2110 563 2190 preterita
588 2123 696 2170 contra
721 2110 802 2170 Zore
831 2110 1053 2170 testimonium
1083 2112 1252 2172 tenebatur
1274 2112 1452 2193 producere
1477 2125 1508 2173 et

245 2215 312 2296 ipsa
336 2216 432 2277 teteia
459 2213 537 2276 feria
561 2235 634 2276 com
658 2235 716 2275 suo
733 2215 918 2276 testimonio
935 2229 1044 2296 parata
1077 2229 1142 2276 etat
1171 2229 1200 2276 et
1225 2216 1396 2277 adducerat
1420 2217 1505 2277 testi-

245 2321 391 2381 monium
409 2340 513 2398 suom,
538 2321 593 2382 sed
611 2322 686 2401 quia
710 2322 821 2382 eadem
840 2319 917 2381 feria
940 2322 1036 2382 tercia
1053 2321 1209 2401 judicium
1228 2342 1293 2391 non
1319 2321 1389 2400 fuit,
1412 2322 1507 2404 judex

245 2425 284 2486 ad
309 2427 449 2508 primum
473 2426 628 2505 judicium
654 2427 754 2508 ipsam
777 2439 1004 2508 prorogaverat
1027 2426 1288 2488 testificacionem
1312 2440 1342 2488 et
1366 2428 1436 2510 ipso
1461 2427 1509 2508 ju·

246 2533 330 2593 dici0
355 2533 459 2614 primo
486 2533 605 2593 scilicet
636 2533 774 2614 presenti
806 2532 997 2593 adveniente
1022 2552 1086 2592 non
1122 2533 1210 2594 venit
1240 2552 1298 2593 nec
1321 2533 1417 2613 misit,
1450 2554 1507 2595 nec

245 2638 465 2699 testImoniom
491 2637 633 2698 adduxit.

271 2834 368 2908 Feria
396 2845 494 2908 sexta
522 2839 677 2926 proxima
706 2846 784 2909 aute
812 2838 933 2909 Iestum
962 2839 1156 2909 nativitatIs
1185 2841 1295 2908 sancti
1322 2837 1487 2927 JohannIs

797 2962 953 3049 bapttste.

786 3099 847 3171 (23.
863 3093 970 3172 Jienr'r).

353 3235 461 3295 PrImo
486 3234 605 3295 Trosth
630 3250 738 3296 contra
764 3235 975 3297 balniatorem
1000 3234 1111 3296 Geriui
1135 3235 1175 3295 ad
1200 3249 1273 3295 octo
1298 3235 1366 3295 dies
1389 3235 1509 3317 recepit

245 3342 416 3402 terminum
428 3414 430 3418 .
442 3341 481 3401 ad
507 3341 778 3422 respondendum.

352 3447 428 3507 Item
462 3467 554 3508 causa
588 3466 650 3527 que
683 3448 815 3508 vertitur
845 3447 927 3507 inter
963 3447 1106 3507 relictam
1139 3444 1278 3507 Gilionis
1308 3445 1445 3527 lapicide
1478 3457 1508 3506 et

245 3552 423 3613 Johannem
448 3553 669 3633 presbiterum,
687 3552 807 3612 dictum
831 3551 1040 3629 sacerdotem,
1056 3551 1096 3612 ad
1120 3552 1317 3633 peticionem
1338 3571 1395 3632 per
1410 3564 1505 3611 testes

246 3660 344 3740 partis
368 3660 491 3719 actricis
515 3658 554 3718 ad
581 3672 653 3718 octo
678 3658 746 3718 dies
770 3670 815 3717 est
838 3672 1019 3738 prorogata.

350 3765 427 3825 Item
460 3765 498 3824 N.
534 3765 749 3844 carpentanus
781 3777 890 3823 contra
923 3764 1092 3824 Marenum
1122 3762 1265 3823 secundo
1296 3763 1409 3823 citatus
1443 3782 1507 3823 non

246 3871 434 3950 comparuit.

351 3976 429 4036 Item
454 3975 563 4035 relicta
589 3975 728 4035 Gilionis
760 3988 869 4035 contra
894 3974 975 4034 Vole
1007 3988 1160 4035 sartorem
1184 3975 1288 4054 primo
1317 3974 1410 4035 citata
1442 3993 1507 4034 non

245 4081 433 4161 comparuit.

349 4186 427 4246 Item
460 4186 597 4245 Iacobus
628 4184 712 4245 lilius
745 4185 953 4267 Pinthiltachy
990 4198 1098 4245 contra
1131 4184 1309 4265 Georgium
1333 4185 1506 4267 Comparia

245 4291 348 4372 primo
374 4292 486 4351 citatus
510 4310 572 4350 non
598 4290 786 4371 comparuit.

350 4397 429 4456 Item
455 4415 634 4475 causaque
669 4397 800 4457 vertitur
833 4397 962 4457 interl.
995 4395 1097 4456 tilium
1122 4396 1290 4456 Laurencii
1324 4409 1353 4456 et
1385 4396 1507 4456 balnia-

244 4514 346 4562 torem
373 4501 412 4562 G.
438 4502 477 4561 ad
503 4521 615 4582 pacem
649 4516 694 4562 est
726 4516 895 4582 prorogata
928 4502 966 4562 ad
999 4501 1140 4582 printum
1172 4501 1326 4581 judicium
1351 4501 1507 4562 adventus

246 4607 411 4667 Michaelis
435 4606 491 4667 filii
518 4606 675 4668 Ualterini
701 4607 732 4666 in
757 4608 958 4686 Zagrabiam.

349 4712 427 4774 Item
453 4711 638 4772 Hermanko
663 4710 802 4771 carnifex
827 4725 936 4772 contra
961 4713 1067 4772 Petres
1092 4711 1271 4793 loripedem
1294 4710 1436 4772 secundo
1461 4710 1503 4771 ci-

243 4831 326 4877 tatus
347 4836 413 4878 non
437 4816 626 4897 comparuit.
