3488 5250
338 571 416 634 Item
434 592 527 635 causa
552 592 615 655 que
633 573 766 635 vertitur
783 574 865 636 inter
883 575 1067 637 Lubancam
1085 589 1115 638 et
1131 596 1264 638 uxorem
1288 576 1345 640 filii
1363 578 1493 641 Strosak

232 678 272 739 ad
298 691 372 740 octo
396 678 465 740 dies
488 679 527 741 ad
552 698 664 761 pacem
689 693 736 742 est
759 694 940 762 prorogata.

339 784 416 846 Item
445 785 563 847 Paulus
590 784 679 848 faber
714 799 824 848 contra
855 786 1029 867 quemdam
1046 787 1151 869 primo
1169 788 1282 850 citatus
1314 809 1378 850 non
1407 810 1495 852 com·

233 889 348 972 paruit.

334 996 412 1058 Item
438 998 610 1060 Krauturm
635 1011 666 1060 et
690 998 817 1061 Cussilo
841 1011 936 1060 testes
959 1019 1015 1081 per
1038 999 1168 1061 Petrum
1186 1000 1320 1081 longum
1344 1000 1493 1083 producti

231 1101 463 1182 testimonium,
488 1104 576 1186 quod
601 1104 682 1166 inter
700 1104 804 1186 ipsum
821 1105 950 1167 Petrum
976 1119 1006 1167 et
1020 1106 1062 1167 M.
1079 1104 1182 1167 filium
1206 1106 1365 1168 Leonardi
1389 1106 1495 1169 dicere

231 1204 401 1287 habebant,
437 1209 477 1270 ad
510 1209 650 1292 primum
686 1209 840 1291 judicium
876 1210 1032 1272 adventus
1073 1211 1155 1272 Petri
1192 1212 1233 1273 de
1260 1211 1384 1274 Vienna
1418 1232 1491 1295 pro-

232 1327 394 1393 rogarunt.

337 1418 415 1482 Item
441 1419 570 1482 Lachko
603 1435 712 1483 contra
738 1421 866 1483 Malhen
899 1420 940 1483 ad
971 1434 1044 1483 octo
1069 1420 1137 1484 dies
1169 1422 1287 1505 recepit
1319 1423 1494 1488 terminum

230 1521 270 1582 ad
296 1525 567 1605 respondendum.

337 1628 414 1692 Item
440 1651 520 1693 uxor
543 1631 637 1694 Iuech
663 1631 720 1694 filii
737 1632 875 1694 Furcasii
901 1645 1012 1694 contra
1027 1631 1164 1694 Paulum
1189 1633 1293 1714 primo
1311 1635 1404 1697 citata
1428 1656 1492 1698 uon

230 1735 421 1816 comparuit.

336 1841 414 1904 Item
439 1841 604 1924 Jurglinus
628 1844 798 1926 assumpsit
821 1858 852 1906 et
874 1858 1002 1907 tenetur
1030 1864 1130 1926 usque
1155 1844 1334 1926 quindenas
1355 1844 1493 1907 Iohanni

230 1944 297 2009 fiIIo
324 1948 492 2009 Laurencii
527 1948 706 2011 satisfacere
742 1949 782 2010 de
817 1949 959 2032 dampno
994 1950 1082 2033 quod
1114 1951 1147 2012 in
1179 1950 1278 2013 domo
1309 1971 1366 2012 sua
1403 1971 1494 2013 secus

229 2051 362 2113 domum
388 2054 457 2115 eius
480 2055 538 2117 sita
562 2055 693 2136 pertulit
718 2069 750 2116 et
773 2053 858 2116 fecit.

335 2160 413 2222 Item
438 2162 585 2243 Mychael
609 2161 737 2224 lectoris
767 2174 798 2224 et
822 2162 933 2223 Petrus
962 2162 1099 2223 Zakalus
1131 2175 1225 2223 testes
1249 2181 1305 2244 per
1328 2163 1493 2225 Andream

229 2263 354 2326 fabrum
378 2267 525 2348 producti
549 2282 658 2331 contra
677 2266 877 2350 Mychaelem
902 2266 1041 2349 fabrum,
1060 2287 1187 2330 causam
1202 2280 1323 2331 motam
1340 2269 1494 2332 intereos

228 2369 268 2431 ad
292 2385 365 2433 octo
390 2371 458 2434 dies
481 2375 647 2455 pecierunt
672 2393 855 2455 prorogare.

334 2478 412 2540 Item
445 2478 607 2542 Iohannes
638 2479 778 2542 frenator
809 2494 919 2542 contra
953 2479 1119 2542 Vrbanam
1151 2481 1257 2562 primo
1290 2480 1402 2543 citatus
1426 2501 1492 2543 non

229 2584 417 2664 comparuit.

335 2688 412 2751 Item
447 2691 571 2753 Malech
604 2692 699 2752 Zolar
736 2705 844 2752 contra
881 2690 1068 2753 Churenum
1105 2690 1246 2753 secundo
1280 2692 1393 2754 citatus
1427 2713 1492 2756 non

229 2795 418 2876 comparuit.

332 2901 412 2963 Item
435 2916 548 2964 octavo
562 2902 614 2965 die
631 2901 833 2965 KonchIInus
857 2903 1004 2964 universa
1021 2903 1100 2983 jura,
1125 2923 1187 2984 que
1210 2920 1319 2966 contra
1339 2904 1502 2967 Mathiann

229 3018 260 3067 et
283 3006 446 3070 Andream
478 3007 584 3086 habet,
617 3007 793 3089 producere
825 3009 931 3087 debet,
956 3022 986 3069 et
1018 3008 1117 3069 iidem
1142 3010 1185 3070 M.
1210 3024 1240 3071 et
1262 3010 1406 3072 Andreas
1436 3031 1492 3072 sua

228 3125 337 3173 contra
361 3113 501 3175 eundem
525 3114 684 3176 similiter.

334 3219 411 3280 Item
437 3219 582 3281 Andreas
605 3219 645 3279 de
670 3219 780 3300 Spinal
813 3232 921 3280 contra
954 3216 1055 3280 filium
1089 3217 1223 3281 Gonche
1247 3220 1351 3302 primo
1380 3221 1493 3282 citatus

229 3343 294 3385 non
326 3326 515 3407 comparuit.

334 3431 413 3493 Item
437 3452 530 3493 causa
563 3433 728 3493 Jakmonis
763 3445 793 3493 et
817 3430 874 3492 filii
912 3428 1046 3491 Gonche
1079 3431 1119 3491 ad
1154 3429 1266 3492 feriam
1291 3445 1410 3493 sextam
1446 3446 1492 3494 est

228 3551 408 3617 prorogata.

335 3643 411 3704 Item
437 3664 529 3706 causa
554 3644 714 3706 ChristIne
747 3658 777 3705 et
802 3644 960 3726 Meynarti
992 3644 1139 3705 similiter
1171 3643 1211 3704 ad
1237 3641 1347 3704 feriam
1371 3657 1491 3705 sextam

228 3763 274 3811 est
298 3764 478 3831 prorogata.

335 3855 411 3917 Item
436 3856 511 3936 quia
537 3855 739 3917 KonchIinus
763 3855 842 3917 dixit
866 3855 898 3916 in
924 3854 1044 3936 judicio
1068 3875 1102 3916 se
1126 3854 1202 3915 talia
1225 3853 1343 3915 habere
1367 3853 1436 3934 jura
1461 3867 1492 3915 et

229 3981 261 4022 se
287 3963 393 4043 ipsum
417 3962 612 4044 suspendere
638 3976 669 4023 et
693 3962 856 4023 Andream
881 3961 1028 4022 sImiliter
1058 3960 1252 4041 suspendere
1282 3972 1400 4042 posset,
1424 3959 1492 4040 ipsa

228 4065 295 4147 jura
320 4066 398 4129 feria
422 4082 509 4130 sexta
534 4067 683 4130 exhibere
709 4068 815 4145 debet,
839 4081 874 4129 ut
898 4067 973 4128 visis
1001 4066 1077 4147 ipsis
1101 4064 1224 4127 iusticia
1248 4064 1446 4127 terminetur.

333 4174 411 4236 Item
436 4176 510 4237 licet
527 4175 680 4237 Radenus
697 4175 729 4235 In
755 4173 839 4236 facto
856 4172 1071 4255 quorumdam
1090 4171 1259 4233 vulnerum
1277 4171 1491 4232 WIkmanum

228 4279 518 4342 molendInatorem
543 4280 575 4341 in
600 4299 728 4342 causam
752 4292 916 4357 atraxerat
941 4278 1001 4340 sibi
1026 4278 1058 4338 in
1083 4277 1129 4339 eis
1153 4297 1244 4339 reum
1267 4277 1328 4338 sibi
1353 4295 1419 4338 esse
1444 4297 1491 4338 re·

230 4383 373 4465 ferendo,
407 4400 514 4448 tamen
547 4406 603 4467 per
639 4386 814 4447 relaciones
849 4385 976 4446 testium
1008 4383 1244 4465 fidedignorum
1271 4395 1412 4465 repertus
1447 4396 1493 4444 est

229 4491 334 4572 ipsum
358 4505 503 4573 tempore
528 4492 778 4573 perpetracionis
803 4492 945 4573 ipsorum
970 4489 1151 4567 vulnerum,
1179 4508 1244 4550 non
1269 4489 1374 4570 ipsum
1398 4488 1491 4550 WIk-

229 4617 361 4658 manum
384 4597 444 4659 sibi
469 4617 558 4658 reum
591 4616 669 4674 esse,
698 4597 752 4658 sed
786 4595 943 4657 famulum
975 4614 1080 4673 suum,
1104 4594 1205 4656 immo
1237 4595 1341 4676 ipsum
1366 4594 1492 4676 penitus

229 4702 441 4764 reddidissent
473 4703 689 4780 innocentem,
725 4702 829 4764 obhoc
854 4701 929 4783 quia
963 4699 1069 4783 previe
1103 4700 1134 4760 in
1171 4699 1291 4763 iudicio
1324 4699 1492 4761 insurrexit

229 4823 337 4870 contra
362 4810 478 4890 ipsum,
503 4809 534 4869 in
559 4808 743 4890 calumpnia
766 4807 927 4870 remansit.
