3488 5250
203 371 206 376 .
245 354 307 415 242
463 405 468 414 ⁴
611 338 697 394 Anno
721 333 811 412 1562.
837 370 878 379 —
900 351 932 413 4.
958 337 1133 398 novembris.

241 566 337 629 super
360 567 410 625 e0,
435 547 523 629 quod
549 548 647 608 boves
670 546 770 628 ipsius
794 547 946 629 Symonis
970 567 1065 629 super
1088 547 1216 629 rapulas
1239 568 1312 609 suas
1336 550 1505 633 recepisset

243 668 275 716 et
298 653 438 715 famulus
462 653 606 714 eiusdem
631 673 686 714 eos
709 666 856 735 potenter
879 652 919 713 de
944 653 1013 734 Ipso
1037 655 1218 735 recepisset.

346 760 425 821 Item
449 759 558 821 relicta
582 760 689 821 Petres
712 758 865 841 loripedis
889 772 1000 820 contra
1029 759 1185 840 quasdam
1218 779 1332 822 uxores
1355 760 1501 843 lucifigu·

242 867 346 929 lorum
370 866 475 948 prImo
507 865 601 927 citata
626 884 692 927 non
715 865 905 946 comparuit.

348 973 426 1034 Item
451 971 605 1033 Nicolaus
628 990 745 1053 parvus
768 984 878 1032 contra
903 970 942 1030 Ν,
968 968 1148 1032 carnificem
1173 971 1278 1054 prImo
1303 972 1416 1034 citatus
1441 992 1506 1034 non

243 1078 431 1160 comparuit.

348 1185 425 1246 Item
435 1183 526 1245 Rade
540 1183 571 1244 in
586 1182 759 1264 quindenis
772 1195 882 1244 contra
890 1182 1025 1265 Mykech
1039 1182 1178 1263 judicem
1192 1182 1288 1245 debet
1300 1183 1504 1266 respondere.

347 1291 424 1352 Item
443 1289 610 1351 Ladislaus
627 1303 736 1349 contra
753 1288 963 1350 BenedIctum
979 1289 1084 1370 prImo
1101 1290 1215 1350 citatus
1232 1309 1296 1351 non
1314 1291 1503 1372 comparuit.

348 1396 424 1458 Item
450 1396 555 1477 primo
580 1393 700 1471 judicio
725 1393 837 1455 Petrus
853 1407 962 1455 contra
988 1376 1124 1476 My'kech
1141 1413 1198 1476 per
1215 1394 1344 1456 Petrum
1369 1409 1400 1456 et
1424 1392 1505 1457 Cus-

241 1503 378 1564 silonem
400 1500 622 1563 testimonium
646 1500 823 1583 producere
848 1498 944 1560 debet
967 1518 1062 1581 super
1086 1500 1282 1563 verberibus.

347 1608 424 1669 Item
450 1607 555 1689 primo
580 1605 700 1687 judicio
723 1592 808 1667 filius
830 1605 912 1666 Zuik
937 1620 1046 1667 contra
1071 1604 1173 1666 filium
1198 1604 1319 1666 Mathie
1342 1625 1399 1688 per
1423 1602 1505 1667 Her-

242 1715 436 1776 mankonem
470 1727 500 1775 et
530 1713 607 1774 Iuan
640 1710 742 1773 filium
775 1711 885 1773 Koche
917 1712 1137 1773 testimonium
1169 1730 1265 1794 super
1298 1712 1362 1773 ictu
1391 1712 1505 1774 securii

241 1818 430 1881 carnificalis
453 1832 484 1880 et
508 1818 673 1900 vituperiis
696 1817 861 1900 producet.

346 1925 425 1986 Item
450 1925 583 2008 Dyanus
606 1939 715 1985 contra
740 1924 911 1985 Nicolaum
935 1923 1040 2005 primo
1073 1924 1186 1985 citatus
1218 1943 1283 1985 non
1315 1923 1504 2007 comparuit.

347 2032 425 2093 Item
449 2032 549 2093 Jurko
574 2045 683 2092 contra
712 2029 907 2111 Ianzlynum
937 2029 1044 2112 primo
1075 2029 1189 2090 citatus
1219 2048 1283 2090 non
1317 2030 1505 2111 comparuit.

225 2155 228 2162 ·
275 2204 279 2212 ,
347 2139 426 2199 Item
450 2138 557 2219 primo
581 2135 702 2217 judicio
725 2135 804 2196 Wlk
830 2134 1197 2197 molendinatorcontra
1221 2137 1337 2218 Mykus
1360 2155 1416 2219 per
1439 2140 1504 2197 An·

242 2244 352 2306 dream
377 2256 407 2305 et
440 2242 616 2324 Georgium
650 2260 745 2323 super
776 2239 916 2321 quadam
948 2238 1153 2302 fideiussione
1186 2240 1252 2301 vini
1283 2242 1504 2303 testImonium

241 2352 417 2434 producere
442 2348 546 2410 debet.

349 2456 426 2516 Item
450 2455 495 2517 St.
524 2454 733 2515 stacionarius
766 2468 875 2515 contra
908 2452 1083 2515 Gianinum
1117 2453 1234 2514 Amino
1257 2453 1362 2535 primo
1393 2452 1506 2513 citatus

241 2582 306 2623 non
331 2560 519 2642 comparuit.

347 2666 426 2727 Item
450 2664 562 2727 Petrus
585 2676 694 2726 contra
718 2666 888 2726 Marenum
919 2663 1062 2726 secundo
1090 2645 1203 2726 citatus
1226 2683 1291 2725 non
1315 2664 1505 2746 comparuit.

348 2772 425 2832 Item
451 2768 527 2833 feria
552 2771 648 2832 tercia
672 2770 738 2833 Cus
762 2769 901 2832 carnifex
933 2784 1042 2832 contra
1067 2769 1224 2831 famulum
1257 2769 1366 2831 Petres
1388 2769 1506 2849 jurabit

241 2900 274 2940 se
298 2878 467 2956 secundus,
491 2877 595 2959 primo
619 2878 708 2957 quod
732 2876 857 2938 dederit
879 2877 939 2938 sibi
970 2896 1098 2958 pascere
1123 2877 1205 2937 duos
1229 2878 1337 2953 boves,
1361 2875 1503 2937 secundo

242 2997 397 3067 quantum
422 2984 526 3044 valeat
550 2984 618 3045 bos.

347 3091 425 3153 Item
450 3090 558 3172 Matey
575 3090 614 3151 de
632 3088 803 3152 Gradchan
820 3090 925 3171 prImo
942 3089 1055 3150 citatus
1077 3103 1188 3150 contra
1205 3088 1339 3149 Paulum
1364 3086 1503 3169 judicem

240 3217 305 3260 non
331 3195 519 3278 comparuit.

346 3304 423 3364 Item
448 3300 642 3363 Benedictus
665 3298 795 3383 seIIipar
817 3314 927 3363 contra
959 3300 1131 3362 NIcoIaum
1155 3300 1260 3382 primo
1292 3301 1405 3361 citatus
1437 3318 1503 3361 non

240 3409 429 3492 comparuit.

346 3516 423 3577 Item
457 3513 634 3575 Kathalena
667 3533 768 3595 usque
799 3512 980 3595 quindenas
1012 3513 1091 3574 duas
1120 3531 1241 3573 marcas
1272 3511 1418 3592 Magiche
1444 3530 1502 3593 pro

239 3621 405 3703 vituperiis
428 3633 460 3681 et
483 3619 623 3680 mediam
647 3618 744 3699 judici
769 3619 893 3680 solvere
918 3618 1023 3680 debet.

345 3726 423 3787 Item
449 3724 526 3786 leria
550 3725 645 3786 tercia
671 3725 824 3786 Nicolaus
841 3724 1054 3786 Zrebernicha
1080 3724 1177 3786 deber
1201 3723 1378 3806 producere
1396 3723 1504 3784 literas

240 3851 336 3914 super
360 3831 519 3892 divisione
552 3830 668 3892 domus
700 3829 782 3891 facte
813 3850 887 3892 cum
912 3830 1096 3908 Benedicta,
1129 3831 1207 3891 alias
1238 3830 1306 3911 ipsa
1330 3827 1504 3891 BenedIcta

238 3957 333 4021 super
357 3923 458 4018 ipsam
483 3935 677 3998 dlvisionem
700 3936 922 3998 testimonium
947 3936 1036 4016 quod
1068 3936 1184 4017 poterit
1208 3935 1373 4017 producet.

344 4044 423 4104 Item
449 4043 523 4123 quia
548 4041 651 4103 Katha
682 4062 761 4103 uxor
795 4042 928 4102 Fabiani
961 4040 1103 4103 Cussech
1136 4039 1331 4102 aurifabrum
1357 4052 1504 4122 potenter

238 4149 429 4230 propalavit,
453 4162 484 4210 et
508 4149 541 4209 iu
565 4147 625 4209 hoc
651 4147 872 4229 ipseCussech
897 4145 1017 4208 efficaci
1039 4147 1223 4208 testimonio
1247 4165 1279 4207 se
1304 4145 1503 4227 expurgavit,

238 4254 313 4315 ideo
338 4255 405 4336 ipsa
430 4254 574 4314 convicta
599 4267 646 4315 est
669 4254 701 4314 in
725 4253 844 4332 judicio
869 4253 978 4334 lingue
1002 4252 1030 4312 V
1055 4271 1244 4313 marcarum.

344 4360 421 4423 Item
445 4359 712 4421 ‘Perlrtolcouicha
737 4374 768 4420 et
792 4359 955 4439 Jurglinus
983 4372 1092 4420 contra
1117 4357 1371 4438 Leucombolgal
1396 4357 1503 4439 primo

238 4466 324 4527 citati
348 4484 413 4526 non
438 4480 695 4546 comparuerunt.

345 4572 423 4633 Item
454 4586 550 4633 testes
581 4585 693 4654 utputa
727 4570 858 4632 domine
889 4570 977 4652 prius
1008 4571 1123 4652 scripte
1154 4569 1381 4649 testificarunt,
1413 4569 1502 4650 quod
1567 4618 1575 4623 .

239 4676 370 4738 domina
388 4697 467 4738 uxor
484 4677 608 4738 Nicolai
626 4676 698 4737 ruffi
718 4674 777 4737 luit
788 4677 965 4758 vituperata
983 4695 1039 4758 per
1056 4694 1189 4737 uxorem
1206 4675 1383 4754 Benedicti,
1401 4693 1501 4756 quare

238 4781 360 4863 judices
383 4782 619 4862 adjudicarunt,
643 4796 678 4844 ut
694 4782 771 4843 dum
788 4781 910 4844 venerit
928 4782 1080 4844 Nicolaus
1097 4781 1237 4862 requirat
1253 4779 1414 4842 iusticiam
1429 4800 1448 4841 a
1465 4781 1502 4842 B.
