3488 5250
607 318 694 375 Anno
716 313 806 393 1363.
831 349 873 379 -,-
896 329 947 392 24.
971 316 1100 376 octobris.
1426 335 1486 396 315

226 422 507 430 —...————--
540 422 583 428 —.
1146 419 1331 428 --.-....-..

331 527 408 588 Item
432 545 534 607 usque
558 525 738 606 quindenas
767 525 940 608 Jurglynus
970 523 1103 607 pellifex
1130 525 1333 591 fideiussorio
1357 526 1488 587 nomine

225 631 450 715 proquodam
475 630 657 692 Teutonico
681 644 806 692 tenetur
836 631 959 692 solvere
984 630 1113 693 Thome
1132 629 1199 692 filio
1225 631 1353 708 Cemer,
1377 631 1489 692 vulne·

226 752 296 800 rato
321 757 377 821 per
406 737 527 798 dictum
556 736 785 814 Teutonicum,
815 736 957 818 quinque
986 756 1107 798 marcas
1135 750 1166 798 et
1189 736 1286 817 judici
1304 756 1414 814 unam,
1438 737 1490 797 vel

227 845 332 927 ipsum
356 863 446 905 reum
470 856 606 904 statuere
631 857 662 905 et
685 843 856 923 assignare.

333 965 411 1028 Item
435 979 549 1027 octavo
573 966 624 1028 die
649 966 832 1027 Demetrius
856 965 952 1028 debet
974 980 1111 1028 statuere
1137 966 1299 1047 quendam
1323 966 1490 1029 hominem

228 1085 338 1132 contra
362 1069 542 1133 iohannem
565 1070 668 1133 filium
693 1071 810 1134 Cemer
833 1072 874 1133 ad
899 1072 1066 1133 iusticiam.

465 1308 586 1379 Tereia
613 1308 698 1380 feria
727 1310 760 1379 in
789 1299 904 1379 festo*
932 1310 1042 1378 sancti
1071 1306 1241 1378 Demetrii.

734 1473 797 1536 (24.
829 1457 975 1534 octobris).

334 1601 442 1661 Primo
466 1599 639 1681 Zagorcich
662 1598 824 1660 Johannes
848 1612 956 1660 contra
974 1598 1159 1679 Draganum
1184 1598 1224 1660 ad
1248 1612 1321 1661 octo
1345 1597 1414 1659 dies
1429 1611 1490 1659 ter·

228 1706 350 1767 minum
376 1707 495 1787 recepit
518 1704 747 1787 respondendi.

331 1812 409 1873 ltem
435 1810 556 1872 Pethko
581 1811 621 1871 ad
645 1810 877 1891 aquisicionem
903 1811 1045 1892 magistri
1077 1811 1217 1889 Martini,
1241 1829 1304 1892 que
1329 1823 1376 1870 est
1398 1809 1489 1871 talis:

230 1918 317 1999 quod
351 1918 417 1999 ipse
448 1916 509 1977 sibi
542 1916 773 1977 atribucionem
807 1929 936 1978 centum
967 1917 1159 1978 cubulorum
1183 1916 1248 1977 vini
1280 1915 1375 1977 unius
1405 1914 1490 1976 diete

229 2035 311 2084 terre
336 2021 529 2083 frumentine
553 2034 585 2081 et
608 2020 737 2081 alterius
761 2020 846 2082 diete
859 2021 940 2082 milii
966 2021 1115 2099 dedisset,
1139 2036 1170 2082 et
1192 2040 1231 2083 eo
1255 2039 1319 2081 non
1345 2020 1491 2082 restituto

228 2149 246 2189 a
270 2147 327 2189 sua
350 2127 491 2189 sessione
515 2127 703 2204 recessisset,
734 2147 789 2208 per
813 2127 968 2188 iacobum
992 2127 1149 2189 Kuzmich
1175 2127 1393 2188 testimonium
1418 2144 1491 2208 pro·

230 2234 346 2296 ducere
369 2233 549 2315 assumpsit,
574 2233 661 2314 quod
695 2232 856 2294 mediante
887 2233 1126 2315 composicione
1151 2252 1260 2295 secum
1292 2232 1400 2294 habita
1429 2232 1491 2292 sibi

227 2341 266 2402 de
290 2339 351 2401 hiis
374 2338 594 2415 satisfecisset;
618 2352 649 2400 et
672 2339 732 2400 hoc
756 2353 869 2401 octavo
894 2338 946 2401 die
970 2341 994 2400 si
1019 2358 1085 2401 non
1109 2338 1361 2401 concordabunt.

333 2463 412 2524 Item
436 2482 530 2524 causa
554 2459 687 2543 Georgii
711 2476 821 2524 contra
839 2462 1013 2524 Martinum
1030 2477 1171 2524 sutorem
1194 2462 1227 2523 in
1251 2460 1419 2543 vituperiis
1435 2480 1491 2542 per

227 2583 321 2630 testes
344 2567 384 2629 ad
409 2567 521 2629 feriam
545 2580 665 2628 sextam
689 2580 736 2628 est
759 2581 940 2650 prorogata.

334 2673 411 2734 ltem
436 2692 529 2734 causa
554 2671 698 2733 Franche
723 2687 754 2733 et
786 2672 940 2735 Johannis
971 2673 1146 2754 Zagorcich
1178 2686 1348 2756 prorogata
1380 2684 1427 2734 est
1450 2672 1491 2733 ad

228 2793 301 2841 octo
326 2779 394 2840 dies
417 2779 457 2839 ad
482 2797 603 2859 pacem.

334 2886 413 2945 ltem
437 2898 551 2945 octavo
575 2884 627 2944 die
647 2883 805 2945 Henricus
822 2882 952 2965 pellifex
969 2898 1077 2945 contra
1103 2884 1295 2967 Jurglynum
1319 2883 1490 2966 pellificem

228 2991 368 3053 valorem
395 2990 500 3073 operis
524 3009 636 3071 perse
660 3009 718 3071 pro
743 2990 812 3071 ipso
830 2989 986 3072 Jurglyno
1008 2991 1143 3052 laborati
1160 3010 1217 3051 sua
1240 2990 1302 3052 fide
1329 2991 1490 3052 mediante

233 3096 418 3174 declarabit,
443 3116 501 3157 nec
518 3115 583 3156 non
608 3096 674 3177 ipse
691 3096 865 3177 Jnrglynus
888 3115 989 3177 usque
1006 3096 1185 3177 quindenas
1201 3095 1297 3157 debet
1312 3096 1372 3156 sibi
1389 3115 1490 3157 unum

228 3200 385 3262 famulum
410 3201 484 3263 dare
508 3201 609 3262 tribus
634 3201 858 3262 ebdomatibus
881 3201 1082 3264 serviturum.

334 3307 413 3368 Item
445 3326 538 3368 causa
562 3308 652 3368 Bank
683 3306 856 3367 sacerdotis
887 3320 918 3368 et
949 3307 1115 3367 cuiusdam
1139 3306 1228 3387 pueri
1261 3307 1301 3366 ad
1325 3320 1398 3368 octo
1423 3306 1492 3370 dies

230 3413 365 3474 deducta
391 3413 500 3474 estad
525 3432 647 3494 pacem.

335 3519 413 3581 ltem
438 3517 599 3580 Johannes
623 3517 859 3580 Chemerouich
891 3536 948 3599 pro
973 3516 1068 3578 fratre
1103 3536 1162 3578 suo
1194 3530 1304 3578 contra
1329 3518 1492 3597 quendam

229 3624 447 3685 Teutonicum
472 3623 512 3684 ad
536 3638 609 3684 octo
633 3623 701 3683 dies
724 3623 897 3685 terminum
922 3623 1041 3703 recepit
1064 3621 1290 3704 respondendi.

335 3729 411 3791 ltem
437 3729 574 3791 Jancech
598 3743 707 3791 contra
731 3729 933 3811 Merclynum
957 3727 1098 3789 secundo
1123 3727 1247 3804 citatus,
1272 3726 1297 3787 si
1322 3726 1423 3808 prima
1449 3727 1491 3787 ci·

228 3836 311 3896 tacio
335 3835 366 3895 in
391 3849 484 3896 antea
507 3835 624 3917 poterit
648 3835 789 3915 reperiri,
814 3853 878 3895 non
903 3834 1091 3915 comparuit.

334 3958 411 4019 ltem
437 3972 551 4020 octavo
575 3958 627 4020 die
649 3959 842 4020 Benedictus
872 3958 1001 4040 sellipar
1032 3976 1088 4038 per
1113 3955 1283 4017 Nicolaum
1311 3955 1436 4017 Kordar
1460 3970 1492 4018 et

229 4064 396 4126 Mortonos
419 4065 601 4126 sellatorem
626 4078 736 4126 contra
759 4064 928 4125 Nicolaum
951 4062 1170 4124 testimonium
1196 4060 1371 4142 producere
1395 4060 1492 4122 debet

228 4189 388 4250 supereo,
412 4171 500 4251 quod
524 4170 549 4230 si
567 4170 633 4251 ipse
657 4190 715 4251 pro
732 4170 771 4230 lll
796 4169 902 4251 pensis
926 4169 984 4230 sibi
1003 4168 1129 4246 debitis,
1153 4168 1212 4228 sibi
1237 4168 1359 4228 bonnm
1377 4167 1491 4228 vinum

229 4296 321 4337 suum
347 4296 412 4336 non
437 4275 586 4352 dedisset,
611 4290 726 4336 extunc
750 4275 948 4336 tantamdem
973 4275 1173 4336 solucionem
1199 4272 1295 4353 judici
1320 4271 1422 4333 facere
1446 4285 1492 4333 te-

230 4399 368 4462 neretur,
392 4383 522 4464 insuper
544 4381 703 4443 florenum
727 4401 783 4463 per
814 4384 917 4462 ipsum
944 4381 1004 4441 sibi
1022 4379 1184 4440 indultum
1207 4378 1266 4439 sibi
1292 4391 1491 4439 restauraret.

334 4489 413 4550 ltem
438 4489 596 4549 Henricus
627 4487 757 4568 pellifex
789 4500 898 4548 contra
932 4487 1100 4547 Nicolaum
1134 4485 1327 4566 organistam
1353 4484 1393 4545 ad
1418 4497 1491 4545 octo

229 4595 298 4655 dies
322 4595 495 4656 terminum
519 4594 639 4675 recepit
662 4593 888 4676 respondendi.

334 4784 350 4818 'l‘
369 4786 489 4851 Corrige:
509 4792 569 4835 ante
586 4786 689 4837 festum.
