3488 5250
616 355 704 411 Anno
728 366 814 429 1357.
841 388 881 396 —
907 368 954 413 21.
979 356 1091 426 aprilis.
1452 353 1490 431 85

273 569 370 644 lenta
400 582 498 643 sexta
537 574 692 660 proxima
721 580 798 642 ante
825 572 947 642 testum
975 573 1065 642 beati
1093 573 1198 642 Marci
1228 573 1441 661 evangeliste.

752 726 812 798 (21.
837 726 964 799 apalis).

339 882 415 944 Item
441 883 546 963 primo
572 883 617 944 St.
635 883 760 943 Kordar
784 896 892 943 contra
912 882 1101 943 Merclinum
1127 882 1268 943 secundo
1293 882 1405 943 citatus
1429 902 1494 943 non

230 990 420 1071 comparuit.

337 1097 414 1156 Item
430 1096 502 1155 Kun
519 1108 628 1157 contra
645 1094 808 1154 Andream
828 1092 952 1154 labrum
971 1094 1075 1174 primo
1091 1093 1203 1154 citatus
1221 1112 1286 1153 non
1306 1096 1494 1175 comparuit.

338 1202 416 1262 Item
450 1200 514 1261 lilia
548 1200 692 1262 Absurcb
725 1213 833 1260 contra
859 1200 1028 1259 Nicolaum
1061 1199 1163 1260 lilium
1196 1200 1360 1261 Benedicti
1391 1201 1495 1282 primo

231 1311 323 1370 citata
350 1328 415 1369 non
441 1308 630 1389 comparuit.

339 1415 416 1475 Item
443 1414 595 1474 Nicolaus
619 1413 778 1474 aurifaber
810 1428 919 1474 contra
946 1414 1119 1474 Martinum
1144 1413 1221 1474 Zedi
1248 1414 1352 1494 prImo
1383 1414 1496 1474 citatus

232 1541 295 1581 non
323 1512 511 1601 comparuit.

339 1626 416 1686 Item
443 1625 600 1686 Martinus
623 1624 791 1706 Wlkouoy
815 1638 923 1687 contra
956 1626 1057 1685 Zmok
1082 1639 1196 1684 octavo
1226 1623 1278 1685 die
1303 1624 1496 1705 respondere

230 1745 368 1793 tenetur.

338 1837 414 1898 Item
441 1835 613 1896 Earberius
636 1849 745 1896 contra
770 1835 874 1896 Vanse
899 1835 1041 1896 secundo
1072 1836 1184 1896 citatus
1217 1855 1283 1897 non
1307 1837 1494 1916 comparuit.

338 1942 415 2002 Item
441 1961 534 2002 causa
560 1961 623 2021 que
648 1942 780 2002 vertitur
800 1942 882 2002 inter
906 1942 1041 2003 Peterko
1066 1956 1208 2001 sutorem
1233 1955 1264 2002 et
1287 1941 1416 2002 Petrum
1443 1943 1496 2001 Ju-

232 2048 298 2108 reni
324 2047 364 2108 ad
389 2061 461 2108 octo
488 2047 556 2106 dies
579 2047 617 2107 ad
642 2066 752 2128 pacem
778 2061 824 2108 est
848 2061 1029 2129 prorogata.

339 2154 415 2213 Item
441 2152 603 2213 Iohannes
635 2154 749 2234 Koyne
780 2167 888 2214 contra
922 2153 966 2213 St.
1000 2154 1083 2214 tuIar
1115 2154 1256 2214 secundo
1289 2155 1401 2215 citatus
1431 2174 1495 2215 non

232 2260 422 2339 comparuit.

341 2365 416 2425 Item
443 2364 487 2425 St.
507 2364 626 2425 Zauala
644 2378 753 2424 contra
769 2365 940 2426 Nicolaum
965 2366 1068 2447 prImo
1094 2367 1206 2427 citatus
1223 2386 1287 2426 non
1309 2366 1495 2448 comparuit.

340 2470 416 2530 Item
441 2483 554 2530 octavo
581 2470 632 2530 dIe
656 2470 805 2550 quitquid
831 2472 940 2531 Maren
967 2471 1080 2532 dixerit
1106 2492 1137 2531 se
1163 2472 1294 2553 dampni
1318 2473 1496 2554 percepisse

233 2594 289 2655 per
316 2589 459 2655 pastores
483 2575 661 2636 antedictos
685 2589 715 2636 et
739 2575 799 2636 hoc
824 2574 886 2637 fide
910 2596 966 2636 sna
990 2576 1151 2637 mediante
1175 2579 1413 2659 comprobabit,
1438 2578 1496 2659 ipsi

233 2694 374 2760 pastores
390 2681 539 2740 videlicet
555 2681 721 2757 Martinus,
735 2681 913 2741 Domianus
926 2696 957 2742 et
971 2680 1146 2763 Gregorius
1156 2683 1280 2744 solvere
1292 2685 1496 2745 tenebuntur.

339 2785 416 2846 Item
442 2783 522 2845 infra
548 2801 621 2847 octo
646 2786 714 2846 dies
734 2785 875 2847 WIchko
900 2801 1025 2848 tenetur
1042 2787 1174 2849 reddere
1199 2801 1230 2849 et
1254 2788 1329 2849 dare
1353 2788 1496 2850 Daciano

233 2893 272 2951 de
298 2892 448 2953 Pobresia
473 2906 610 2972 quatuor
635 2911 749 2973 pecora
773 2912 840 2953 sua.

340 2999 416 3059 Item
440 2998 598 3059 Henricus
623 2999 748 3059 Drobar
767 3012 876 3059 contra
895 2999 1017 3059 Henrih
1034 2998 1204 3080 pellificem
1223 3020 1317 3082 super
1341 3000 1496 3062 effusione

233 3105 399 3184 sanguinis
424 3119 454 3166 et
479 3105 649 3165 vulnerum
673 3124 805 3164 suorum
831 3105 916 3166 iuxta
941 3104 1024 3166 dicta
1056 3106 1182 3166 testium
1206 3125 1336 3166 suorum
1361 3120 1426 3168 met
1450 3128 1496 3167 se-

234 3209 357 3270 cundus
381 3209 598 3288 juramentum
622 3209 783 3291 deponere
808 3210 947 3271 debebit.

340 3315 416 3376 Item
442 3316 481 3376 N.
506 3314 589 3376 filius
614 3315 716 3395 Bolog
742 3331 850 3376 contra
869 3315 1047 3377 Francham
1072 3318 1176 3398 primo
1190 3318 1302 3378 citatus
1327 3337 1391 3378 non
1410 3337 1496 3377 com-

233 3421 346 3501 paruit.

340 3527 417 3588 Item
443 3539 556 3587 octavo
581 3527 633 3587 dIe
657 3527 810 3587 Nicolaus
842 3525 981 3588 carnifex
1005 3544 1113 3588 contra
1146 3528 1330 3608 Dragonam
1356 3543 1496 3590 sutorem

234 3632 428 3713 respondere
453 3633 623 3693 tenebitur.

340 3738 417 3799 Item
444 3738 606 3799 Iohannes
638 3738 732 3801 frater
763 3740 889 3821 Boynik
921 3754 1030 3802 contra
1064 3741 1241 3801 Iohannem
1271 3742 1497 3803 stacionarium

234 3843 331 3904 tercio
357 3844 470 3905 citatus
494 3863 559 3904 non
589 3845 776 3926 comparuit.

342 3967 420 4027 Item
447 3968 522 4028 Iuan
549 3968 687 4029 Plauech
712 3983 742 4030 et
767 3970 963 4051 Meynardus
994 3983 1101 4030 contra
1137 3969 1259 4049 Chegel
1283 3971 1388 4052 primo
1412 3971 1497 4032 citati

235 4093 300 4133 non
326 4088 583 4154 comparuerunt.

342 4180 418 4239 Item
445 4180 601 4240 Martinus
617 4200 746 4241 mosnar
769 4196 879 4242 contra
896 4181 935 4242 N.
960 4180 1140 4241 carnificem
1166 4182 1269 4263 primo
1295 4182 1408 4242 citatus
1433 4202 1497 4243 non

235 4286 424 4365 comparuit.

342 4391 419 4451 Item
436 4389 603 4471 PhIIIppus
627 4406 736 4453 contra
754 4392 923 4452 Petrenum
946 4407 1059 4452 octavo
1077 4392 1127 4452 die
1152 4405 1278 4453 tenetur
1294 4392 1497 4474 respondere.

342 4496 420 4558 Item
430 4500 538 4577 Arney
549 4510 768 4558 sartorcontra
783 4497 952 4557 Petrenum
962 4498 1224 4558 secundocitatus
1234 4517 1299 4558 non
1310 4499 1497 4580 comparuit.

344 4602 420 4662 Item
436 4602 672 4663 PetrusDonati
685 4617 793 4663 contra
804 4603 983 4664 Iohannem
998 4603 1102 4683 primo
1116 4603 1228 4663 citatus
1236 4622 1300 4664 non
1310 4604 1498 4685 comparuit.

343 4706 419 4768 Item
445 4709 533 4768 Elias
565 4722 679 4769 octavo
711 4709 762 4768 die
799 4723 907 4769 contra
945 4708 1080 4769 Paulum
1115 4709 1270 4790 pictorem
1306 4709 1498 4789 respondere

235 4826 369 4873 tenetur.
