3488 5250
240 324 301 403 360

344 535 422 597 Item
447 533 658 616 (Herma)nko
680 545 790 595 contra
814 534 945 596 Petrum
975 532 1077 594 filium
1101 533 1191 594 Dezu
1214 532 1319 615 prIma
1344 534 1500 595 citacione

238 660 304 703 non
328 640 518 723 comparuit.

344 747 422 808 Item
454 745 646 824 Demetrius,
678 745 789 807 relicta
813 744 984 806 Radouani
1008 757 1117 806 contra
1142 745 1266 806 Jursarn
1292 745 1395 827 prima
1426 747 1501 808 cita·

238 855 330 916 cione
358 872 424 914 non
448 864 707 934 comparuerunt.
754 886 755 890 =

344 959 422 1020 Item
446 977 539 1020 causa
564 976 627 1038 que
650 956 783 1018 vertitur
806 956 888 1018 inter
913 955 1076 1018 Thomam
1107 956 1357 1039 prebendarium
1381 970 1412 1019 et
1434 961 1503 1020 An·

239 1064 347 1126 dream
373 1062 566 1125 frenatorem
584 1062 624 1123 de
640 1062 783 1144 parcium
802 1062 966 1124 voluntate
990 1060 1159 1124 adseclam
1184 1077 1304 1125 sextam
1320 1063 1502 1146 proximam
1532 1109 1534 1113 -

232 1179 285 1233 'est
307 1183 478 1252 prorogata
502 1168 542 1229 ad
566 1186 688 1250 pacem.

240 1387 335 1472 Nota,
364 1387 452 1476 qnod
478 1386 564 1458 feria
592 1393 691 1458 sexta
718 1387 873 1473 proxima
910 1392 989 1473 post
1023 1385 1146 1457 festam
1184 1389 1337 1475 corporis
1366 1386 1502 1460 Christi.

346 1537 423 1599 Item
449 1555 628 1617 causaque
653 1537 834 1597 vertebatur
857 1535 939 1598 inter
963 1534 1092 1597 Petrum
1115 1535 1235 1598 dictum
1260 1537 1414 1621 M(ekina)
1439 1558 1498 1622 pro

238 1658 327 1727 parte
352 1643 462 1704 Jacobi
487 1641 563 1704 dIcti
580 1641 730 1703 Zirothka
747 1655 781 1703 ut
797 1641 922 1719 actoris,
948 1641 1024 1702 item
1053 1642 1223 1704 Nicolaum
1239 1657 1394 1706 sartorem
1410 1659 1499 1728 parte

239 1751 279 1812 ab
303 1750 402 1811 altera
427 1749 459 1809 in
483 1767 610 1810 causam
634 1759 813 1826 attractum,
846 1746 1043 1829 quequidem
1074 1767 1169 1810 causa
1192 1768 1249 1830 per
1279 1751 1502 1814 testimonium

240 1856 323 1917 inter
346 1868 451 1938 partes
474 1855 633 1936 predictas
665 1852 725 1916 fuit
756 1853 977 1931 determInata‚
1007 1853 1157 1916 videlicet
1187 1874 1243 1937 per
1267 1856 1436 1919 Nicolaum
1461 1857 1502 1919 de

240 1959 407 2023 Branouch
434 1974 465 2022 et
487 1959 658 2021 Nicolaum
673 1957 776 2021 filium
801 1957 928 2038 Bologh
944 1958 1072 2022 racione
1092 1959 1258 2021 cuiusdam
1275 1959 1501 2028 fideiussionis.

266 2163 361 2245 Nota,
390 2161 478 2250 quod
505 2161 591 2232 feria
620 2162 727 2231 tercia
754 2161 912 2248 proxima
943 2168 1020 2250 post
1048 2159 1170 2233 festum
1198 2163 1376 2234 beatorum
1404 2163 1475 2235 viti

659 2294 693 2354 et
721 2283 859 2355 Modesti
888 2285 1080 2355 martirum.

346 2436 453 2497 Primo
478 2434 634 2496 Martinus
657 2447 745 2495 autor
768 2446 894 2495 tenetur
925 2432 965 2495 ad
989 2434 1122 2516 plenum
1145 2435 1339 2518 respondere
1362 2435 1403 2499 ad
1427 2451 1501 2500 octo

238 2542 307 2605 dies
330 2555 440 2604 contra
463 2540 614 2620 judicem.

344 2648 422 2709 Item
447 2646 520 2707 Kun
546 2643 676 2726 pellifex
692 2657 801 2705 contra
819 2644 955 2707 Paulum
985 2645 1106 2707 dictum
1122 2645 1203 2708 AIch
1221 2648 1363 2711 secundo
1388 2648 1502 2712 citatus

240 2773 304 2815 non
334 2751 523 2833 comparuit.

344 2859 423 2921 Item
446 2857 599 2919 Nicolaus
633 2854 774 2918 carnifex
808 2869 918 2918 contra
951 2856 1080 2920 Petrum
1112 2857 1214 2940 prima
1246 2859 1402 2922 citacione
1435 2879 1503 2923 non
1534 2847 1536 2851 ¹

239 2964 427 3046 comparuit.

345 3070 424 3132 Item
447 3069 586 3129 Iacobus
601 3079 727 3129 tenetur
743 3067 782 3129 ad
806 3081 880 3129 octo
897 3067 965 3129 dies
980 3070 1115 3150 probare
1131 3089 1188 3151 per
1203 3083 1313 3132 testes:
1330 3070 1502 3133 Nicolaum

239 3177 277 3237 de
303 3173 471 3238 Branouch
496 3187 527 3235 et
550 3172 652 3234 Iwech
676 3171 778 3235 filium
804 3173 945 3236 Farkasii
970 3187 1079 3235 contra
1105 3174 1287 3237 Oblicham.

347 3282 426 3343 Item
451 3279 612 3341 Iohannes
642 3278 798 3342 Zlatolazi
832 3294 942 3341 contra
966 3278 1144 3360 Georgium
1176 3280 1331 3343 Ztaunich
1355 3282 1396 3343 ad
1428 3295 1502 3345 octo

239 3389 308 3449 dies
332 3398 456 3449 tenetur
479 3385 684 3466 respondere.

344 3493 422 3555 Item
446 3491 577 3573 Drugen
600 3503 726 3552 tenetur
749 3508 850 3571 usque
875 3491 1060 3572 quindecim
1088 3491 1156 3554 dies
1178 3512 1232 3554 sex
1258 3512 1380 3555 marcas
1404 3493 1502 3556 dena·

238 3599 358 3660 riorum
382 3596 507 3659 solvere
530 3596 638 3658 Blasio
661 3596 886 3677 proquodam
910 3616 995 3679 equo
1019 3617 1088 3660 suo.

344 3703 422 3765 Item
446 3702 548 3764 Iwcch
572 3714 681 3763 contra
703 3701 821 3764 Trosth
839 3700 964 3765 labrum
984 3749 992 3765 .
1009 3748 1043 3769 ..
1069 3704 1100 3765 in
1124 3723 1174 3781 eo,
1199 3704 1287 3785 quod
1311 3705 1379 3786 ipse
1396 3704 1501 3766 Iwcch

237 3822 506 3874 convenerat...
530 3827 638 3870 coram
662 3806 782 3889 judicio
807 3808 839 3870 in
864 3805 949 3871 lacto
973 3809 1120 3890 potencie
1143 3823 1175 3871 et
1198 3809 1434 3872 vulneracionis

239 3918 338 3979 Trost
365 3913 541 3977 secundum
566 3912 842 3976 adiudicacionem
867 3913 1009 3996 judicum
1024 3915 1230 3997 antiquorum
1247 3961 1255 3977 .
1273 3961 1306 3978 ..
1330 3913 1501 3979 sufficienti

237 4021 422 4084 testimonio
453 4019 601 4102 purgavit
631 4033 663 4081 et
692 4018 937 4084 hostendit
970 4020 1097 4101 penitus
1127 4040 1195 4082 esse
1231 4020 1437 4083 innocentem
1469 4033 1501 4082 et

238 4129 414 4189 inmunem.

342 4232 421 4294 Item
444 4230 596 4292 Nicolaus
619 4228 704 4292 filius
727 4230 881 4292 VaIterIni
906 4243 1016 4292 contra
1041 4231 1086 4295 St.
1110 4231 1252 4293 secundo
1284 4231 1398 4294 citatus
1434 4249 1501 4292 non

238 4337 426 4420 comparuit.
1475 4401 1480 4411 ,

343 4444 421 4506 Item
460 4444 494 4505 P.
531 4443 667 4524 loripes,
704 4442 833 4523 aeIIipar
871 4456 981 4504 contra
1012 4446 1117 4504 Anam
1149 4443 1254 4525 primo
1287 4443 1401 4504 citatus
1435 4461 1503 4504 non

237 4549 426 4632 comparuit.

343 4654 420 4716 Item
445 4654 573 4717 Cernko
597 4654 637 4715 ad
661 4654 800 4736 prImum
824 4653 980 4736 judicium
1003 4668 1114 4719 contra
1138 4654 1351 4737 Margaretam
1373 4653 1498 4716 Desseu

237 4759 333 4822 debet
356 4778 540 4842 comparere
565 4773 596 4823 et
611 4758 815 4841 respondere,
839 4758 917 4821 etsi
941 4757 1020 4842 (non
1037 4758 1182 4841 venerit),
1197 4772 1275 4823 tunc
1291 4758 1352 4841 ipsi
1376 4758 1502 4841 Marga-

236 4866 325 4930 rethe
348 4865 422 4929 licet
445 4866 514 4948 ipso
537 4877 669 4948 apsente
776 4862 830 4928 fiet
854 4864 978 4929 iusticia
1002 4864 1043 4927 de
1065 4863 1194 4928 eodem.
