3488 5250
668 329 867 408 Ann01356.
892 365 934 375 -
953 345 987 407 5.
1004 331 1091 408 julii.
1468 352 1508 414 59

265 595 268 603 ,
352 543 430 604 Item
455 561 548 603 causa
573 561 636 623 que
660 541 792 603 vertitur
816 542 899 603 inter
923 543 1036 603 Manen
1060 556 1202 604 sutorem
1227 555 1258 604 et
1282 542 1425 604 relictam
1449 542 1509 604 Mi-

242 646 361 709 chaelis
395 647 512 710 sutoris
543 660 589 708 est
620 660 789 729 prorogata
821 647 862 708 ad
896 662 969 708 octo
1006 647 1085 725 dies,
1126 649 1202 728 quie
1234 648 1300 729 ipse
1324 647 1510 710 testimonio

244 754 343 836 ipsius
372 753 515 816 mulieris
539 754 734 836 protestavit,
760 754 826 834 ipse
850 773 926 815 vero
945 754 1066 832 Maren,
1094 754 1118 814 si
1148 753 1341 816 concordare
1358 773 1424 817 nou
1452 773 1509 837 po·

242 873 359 940 terunt,
383 860 544 921 tenebitur
566 873 752 942 protestare.

349 980 426 1046 Item
451 984 607 1046 Martinus
639 984 763 1066 Reyniz
796 998 911 1045 octavo
943 984 994 1045 die
1026 998 1136 1046 contra
1167 984 1342 1045 MartInum
1366 996 1508 1045 sutorem

244 1103 310 1152 met
327 1090 481 1171 septimus
498 1109 570 1150 cum
587 1089 734 1170 personis
758 1089 939 1151 concivium
961 1104 1142 1151 nostrorum
1169 1103 1282 1151 octavo
1307 1089 1358 1149 die
1383 1101 1509 1151 tenetur

243 1195 405 1277 deponere
429 1194 655 1276 juramentum.

348 1301 425 1362 Item
452 1301 495 1363 M.
513 1300 598 1363 filius
615 1301 776 1362 Leunardi
793 1316 908 1362 octavo
925 1301 977 1361 die
995 1315 1059 1362 met
1076 1299 1235 1362 secundus
1256 1312 1382 1362 tenetur
1397 1312 1508 1361 contra

242 1406 422 1467 Marketum
448 1407 609 1488 deponere
641 1406 857 1487 juramentum
889 1426 984 1489 super
1016 1426 1065 1484 eo,
1095 1406 1183 1488 quod
1216 1405 1314 1467 nichil
1339 1405 1399 1487 ipsi
1423 1405 1507 1466 Mar·

242 1513 316 1574 keto
340 1525 512 1573 teneretur.

347 1617 387 1678 Et
410 1617 497 1678 idem
522 1617 678 1679 Martinus
703 1616 804 1699 ipsam
828 1636 918 1678 suam
951 1637 1079 1678 causam
1101 1617 1141 1679 ad
1165 1617 1307 1679 seniores
1331 1615 1425 1679 etad
1449 1635 1506 1677 an·

240 1722 349 1803 tiquoe
372 1721 494 1803 judices
517 1723 703 1804 prorogavit
726 1722 766 1784 ad
791 1735 864 1784 octo
889 1723 957 1783 dies
980 1721 1196 1803 judicandam.

345 1844 422 1908 Item
447 1847 571 1909 Blasius
595 1847 796 1909 Bremennak
827 1861 941 1909 octavo
972 1847 1024 1908 die
1056 1860 1166 1909 contra
1197 1846 1378 1908 Iohannem
1401 1844 1504 1910 filium

242 1953 394 2017 Cemmer
418 1953 579 2035 deponere
604 1953 820 2035 juramentum
851 1973 1020 2035 supereo,
1052 1952 1141 2034 quod
1165 1953 1232 2035 ipse
1257 1953 1283 2015 J.
1307 1964 1421 2034 sponte
1446 1969 1503 2013 no·

240 2059 300 2121 luit
323 2058 405 2122 ferre
429 2060 585 2141 quasdam
609 2080 660 2121 res
682 2079 755 2121 suas
779 2079 837 2120 nec
863 2060 967 2141 ipsum
992 2059 1157 2141 prohibuit
1186 2073 1344 2140 apostare.

345 2166 423 2227 Item
448 2166 552 2227 Draxe
577 2180 685 2228 contre
710 2165 912 2229 Anthonium
937 2165 1074 2226 condam
1099 2164 1239 2245 judicem
1262 2165 1368 2248 primo
1393 2164 1506 2226 citatus

240 2291 306 2334 non
332 2273 520 2354 comparuit.

344 2375 423 2440 Item
448 2377 576 2459 Sugaua
609 2378 725 2439 mulier
756 2392 867 2440 contre
900 2377 1133 2459 Margaretham
1167 2377 1297 2440 Crizani
1321 2377 1432 2457 semel,
1455 2397 1503 2439 se·

240 2483 358 2561 cundo,
381 2484 480 2545 tercio
506 2498 536 2546 et
561 2497 674 2565 quarto
700 2484 827 2546 racione
860 2485 1093 2567 vituperiorum
1127 2484 1220 2547 citata
1245 2504 1310 2546 non
1335 2484 1423 2546 venit
1446 2503 1504 2546 nec

239 2588 337 2666 misit,
369 2587 442 2650 ideo
474 2589 542 2671 ipsa
575 2589 704 2670 Sugaua
728 2590 753 2649 II
785 2609 906 2651 marcas
939 2609 997 2671 pro
1022 2610 1059 2651 ea
1089 2604 1120 2651 et
1151 2590 1292 2652 mediam
1317 2608 1375 2671 pro
1399 2588 1504 2671 judice

239 2693 364 2755 solvere
389 2707 545 2756 teneatur.

345 2800 424 2861 Item
455 2798 719 2881 adjudicaverunt
750 2799 843 2880 jurati
868 2815 898 2864 et
929 2801 1029 2881 cives,
1061 2814 1096 2862 ut
1127 2800 1223 2882 iudex
1256 2799 1399 2882 Georgio
1435 2799 1502 2862 filio

240 2905 382 2967 Poznani
407 2906 482 2967 dare
508 2906 623 2968 debeat
646 2906 767 2968 litterae
790 2927 884 2990 super
909 2908 1048 2990 quadam
1074 2908 1228 2991 particula
1252 2908 1357 2970 vinee.

343 3012 421 3072 Item
436 3012 501 3073 Pan
518 3026 607 3075 sutor
623 3029 732 3074 contra
750 3014 923 3097 Endreyko
939 3015 1081 3076 secundo
1100 3015 1213 3077 citatus
1228 3034 1293 3075 non
1312 3013 1503 3097 comparuit.

344 3117 422 3178 Item
448 3117 610 3179 Iohannes
632 3116 719 3179 filius
744 3119 912 3181 Laurencii
937 3120 1181 3201 quintodecimo
1207 3120 1259 3182 die
1282 3132 1410 3181 tenetur
1437 3119 1499 3181 sol-

239 3243 311 3284 vere
335 3221 437 3285 Paulo
462 3223 486 3284 II
511 3244 633 3285 marces
656 3244 714 3306 pro
739 3224 858 3305 judicio
883 3226 1031 3308 vituperii
1055 3240 1086 3288 et
1110 3225 1207 3305 judici
1232 3225 1259 3288 C
1285 3226 1444 3288 denarIos.

346 3348 423 3409 Item
442 3348 550 3410 Petres
566 3347 706 3411 carnifex
723 3348 967 3430 quintodecImo
984 3349 1035 3410 die
1058 3363 1184 3411 tenetur
1200 3350 1324 3410 solvere
1349 3348 1393 3411 St.
1411 3350 1502 3410 Kuce

238 3452 277 3513 III
304 3473 417 3535 pensas
441 3474 513 3516 cum
539 3455 644 3516 media
677 3455 882 3516 denariorum
914 3470 944 3517 et
976 3475 1079 3517 unum
1109 3475 1183 3517 cum
1206 3454 1315 3516 medlo
1346 3454 1502 3516 eubulum

237 3556 399 3624 frumenti.

277 3794 374 3866 Feria
402 3797 509 3866 tercitt
537 3799 692 3883 proxima
719 3804 796 3883 post
822 3797 945 3868 festum
973 3797 1150 3867 beatorum
1178 3795 1269 3867 Petri
1298 3802 1332 3866 et
1361 3795 1457 3866 Pauli

747 3920 987 4008 apostolorum.

795 4069 949 4151 (mlo

344 4231 452 4291 Primo
476 4231 515 4292 N.
541 4245 650 4294 contre
675 4233 785 4293 Benko
810 4230 952 4292 secundo
981 4231 1095 4291 citatus
1115 4250 1181 4292 non
1206 4230 1395 4312 comparuit„

344 4335 422 4397 Item
447 4356 540 4397 causa
565 4356 628 4418 que
645 4337 777 4399 vertitur
801 4337 882 4398 inter
899 4337 942 4399 M.
968 4336 1106 4398 condam
1122 4335 1261 4417 judicem
1285 4350 1316 4398 et
1340 4337 1379 4400 N.
1397 4335 1500 4399 filium

237 4440 358 4503 Marich
382 4441 422 4503 ad
447 4454 520 4502 octo
544 4442 613 4504 dies
637 4456 682 4504 est
707 4455 832 4524 recepta
858 4442 897 4503 ad
923 4462 1045 4522 pacem.

340 4564 418 4626 Item
442 4564 587 4643 Velinus,
622 4566 725 4627 dictus
764 4566 948 4646 Hudzmok,
981 4566 1076 4628 debet
1107 4567 1210 4648 jurare
1244 4580 1310 4629 met
1342 4568 1500 4628 secundus

235 4683 344 4731 contra
369 4668 565 4732 Godfridum
591 4671 779 4734 Prunerium
804 4672 843 4734 ad
869 4686 941 4734 octo
966 4672 1034 4734 dies
1060 4673 1091 4734 in
1123 4693 1173 4752 eo,
1200 4674 1288 4754 quod
1318 4674 1385 4757 ipse
1411 4673 1500 4736 God-

237 4773 338 4837 fridus
362 4776 402 4837 de
425 4777 534 4858 precio
559 4777 675 4839 domus
697 4790 824 4840 tenetur
847 4778 908 4839 eibi
935 4779 1059 4840 duabus
1083 4780 1198 4840 marcis
1223 4779 1439 4845 denariorum.
