3488 5250
227 352 289 413 252
591 337 677 394 Anno
701 332 792 411 1362.
816 369 858 378 -
882 331 932 395 16.
957 335 1117 395 decembris.

332 544 410 606 Item
433 565 526 606 causa
551 565 613 625 que
644 544 777 606 vertitur
808 545 890 606 inter
921 544 1248 606 Bartholomeumet
1272 545 1310 605 N.
1335 544 1423 605 lakar
1446 557 1494 606 est

226 650 265 710 ad
290 649 403 711 feriam
427 651 557 711 terciam
582 651 622 711 ad
646 669 757 731 pacem
782 663 963 733 prorogata.

333 755 413 816 Item
437 756 513 836 quia
538 756 644 817 Paulis
668 756 805 818 condam
830 755 926 834 judex
952 755 1121 817 dominum
1136 756 1266 817 Petrum
1291 757 1421 837 Ligerii,
1446 756 1493 838 ju·

227 860 297 922 dice
322 881 380 943 pro
405 861 557 923 tribunali
582 861 724 939 sedente,
745 861 850 922 verbis
881 861 1063 944 opprobriis
1088 873 1118 922 et
1149 862 1352 923 contumeliis
1376 861 1491 938 affecit,

228 967 393 1028 convictus
419 980 465 1028 est
488 967 521 1027 in
553 980 692 1047 quatuor
722 966 836 1027 marcis
869 985 927 1048 pro
960 981 1048 1048 parte
1071 966 1137 1027 lesa
1161 979 1192 1027 et
1215 967 1247 1027 in
1272 987 1335 1028 una
1361 986 1418 1049 pro
1443 965 1490 1048 ju-

229 1071 300 1133 dice
324 1072 497 1134 soluturus.

333 1178 410 1240 Item
437 1179 563 1239 Marcus
587 1193 617 1239 et
641 1177 726 1238 filius
752 1178 864 1240 Bobelr
888 1191 998 1240 contra
1023 1178 1208 1257 Draganum
1232 1177 1375 1239 secundo
1407 1177 1492 1238 citati

227 1302 291 1344 non
318 1284 508 1364 comparuit.

333 1389 410 1450 Item
435 1390 581 1450 Andreas
605 1388 694 1451 faber
717 1389 858 1451 secundo
884 1390 996 1451 citatus
1025 1403 1135 1450 contra
1160 1387 1290 1449 Kokoth
1316 1407 1380 1449 non
1406 1406 1492 1449 com·

226 1495 342 1576 paruit.

333 1601 412 1663 Item
437 1601 545 1663 Hoten
569 1603 740 1683 requisitus
763 1603 789 1663 si
806 1600 890 1663 filius
914 1621 989 1662 suus
1013 1602 1051 1662 N.
1071 1599 1166 1661 fuerit
1189 1601 1276 1679 civis,
1302 1600 1398 1661 dixit:
1416 1618 1492 1660 eum

212 1689 292 1767 'non
318 1727 385 1767 esse
410 1706 522 1769 civem.

334 1812 412 1874 Item
436 1811 513 1874 feria
537 1814 634 1874 tercia
659 1813 855 1874 Laurencius
883 1825 992 1873 contra
1025 1810 1127 1872 filium
1162 1811 1331 1892 Dampiani
1357 1830 1413 1892 per
1437 1810 1490 1871 Io-

226 1917 364 1979 hannem
392 1916 495 1980 filium
521 1919 689 1981 Laurencii
714 1932 745 1979 et
762 1919 891 1980 Petrum
917 1919 991 1980 Jaxe
1016 1917 1111 1979 debet
1138 1918 1315 1998 producere
1346 1917 1489 1978 testimo·

226 2026 316 2086 nium
351 2044 446 2107 super
477 2045 532 2103 eo,
565 2025 654 2105 quod
690 2025 768 2085 oIim
794 2025 905 2086 Mareu
929 2023 1146 2104 sub(s0)liator
1180 2022 1285 2104 ipsum
1318 2022 1492 2083 dimisisset

228 2150 286 2212 pro
304 2130 397 2193 iust0.

333 2236 410 2297 Item
435 2234 512 2296 feria
536 2236 632 2296 tercia
657 2235 760 2296 Kozel
784 2249 893 2296 contra
917 2234 1045 2296 Kokoth
1069 2255 1124 2317 per
1149 2234 1340 2296 Michaelem
1366 2232 1492 2294 fabrum

227 2356 258 2404 er
283 2343 451 2404 Marenum
475 2341 697 2404 testimonium
722 2340 895 2423 producet,
920 2341 1007 2422 quod
1033 2341 1203 2422 evaginato
1228 2341 1364 2402 bicceIIo
1388 2340 1493 2423 ipsum

227 2446 404 2509 interficere
430 2446 593 2508 voluisset.

334 2553 412 2613 Item
437 2571 530 2613 causa
564 2552 647 2612 Petri
679 2567 788 2613 contra
822 2552 976 2614 Iacobum
1011 2567 1057 2613 est
1091 2552 1129 2612 ad
1163 2551 1275 2613 feriam
1298 2551 1431 2613 terciam
1452 2550 1493 2612 ad

228 2677 341 2740 pacem
367 2671 548 2739 prorogata.

333 2763 411 2824 Item
436 2783 529 2824 causa
556 2762 688 2843 Georgii
713 2762 808 2824 Zolar
832 2776 942 2824 contra
967 2761 1118 2825 Gedruch
1151 2776 1181 2823 et
1212 2763 1289 2823 Iuan
1314 2776 1360 2822 est
1383 2761 1424 2822 ad
1448 2759 1493 2822 f-

227 2869 307 2930 riam
331 2869 462 2930 terciam
487 2868 527 2929 ad
552 2887 663 2949 pacem
688 2883 868 2950 prorogata.

334 2975 411 3036 Item
436 2994 537 3056 usque
562 2974 742 3056 quindenas
766 2975 910 3037 Francha
934 2974 1018 3037 filius
1046 2975 1194 3037 Nicholai
1218 2987 1344 3035 tenetur
1367 2973 1492 3035 solvere

227 3080 364 3163 Mykech
389 3079 457 3141 filio
483 3081 644 3141 Leunardi
668 3080 707 3141 III
733 3078 802 3142 flor.
828 3081 934 3141 minus
957 3082 1014 3142 XL
1039 3081 1198 3141 denarios.

333 3186 412 3247 Item
437 3200 550 3246 octavo
576 3185 627 3245 die
653 3185 761 3246 Paulis
783 3185 879 3266 judex
904 3206 937 3246 se
964 3187 1081 3248 tercius
1106 3201 1214 3248 contra
1248 3185 1384 3247 Paulum
1408 3185 1493 3266 Vrag

228 3291 355 3370 jurabit,
380 3291 468 3371 quod
491 3303 636 3372 tempore
660 3291 709 3352 sui
732 3291 890 3371 judicatus
915 3292 947 3352 iu
969 3293 1161 3353 execuc10ne
1186 3311 1241 3352 sue
1266 3311 1360 3352 cause
1383 3291 1444 3352 sibi
1463 3291 1492 3351 X

227 3415 349 3457 marcas
374 3396 505 3478 dampni
530 3396 581 3457 veI
613 3395 694 3457 iufra
719 3412 772 3457 aut
804 3416 898 3479 supra
922 3418 987 3459 non
1013 3397 1200 3473 intullisset;
1236 3397 1392 3478 quasdam
1417 3415 1493 3458 vero

227 3501 334 3562 literas
358 3503 436 3562 duas
460 3520 562 3582 usque
586 3501 698 3563 feriam
722 3503 852 3563 terciam
885 3503 1037 3584 requIret,
1060 3503 1184 3583 quassi
1210 3502 1379 3581 inveniret,
1404 3502 1493 3564 resti-

228 3620 296 3668 tuet
313 3607 429 3685 eidem,
454 3607 532 3668 alias
556 3607 671 3669 eodem
688 3621 801 3669 octavo
826 3609 878 3669 die
896 3609 963 3669 vice
980 3628 1069 3669 versa
1087 3607 1213 3687 jurabit,
1242 3609 1330 3690 quod
1356 3628 1408 3670 eas
1427 3629 1493 3671 non

226 3713 323 3774 habet
346 3732 404 3774 nec
428 3713 576 3794 denegat,
601 3713 659 3795 ipsi
685 3728 791 3775 autem
816 3714 917 3775 Paulo
947 3714 987 3775 ad
1013 3713 1266 3775 infirmacionem
1302 3735 1411 3776 earum
1438 3715 1492 3776 de·

228 3822 348 3881 buntur
371 3819 460 3881 litere
485 3839 579 3880 nove.

332 3925 410 3986 Item
434 3925 647 3987 deliberatum
670 3939 726 4002 est,
752 3939 786 3986 ut
818 3925 934 3987 domus
959 3924 1060 3988 Curse
1084 3925 1267 3987 vendicioni
1301 3938 1489 4007 exponatur,

228 4046 259 4094 et
283 4032 323 4093 de
347 4032 455 4114 precio
478 4031 546 4092 eius
577 4031 681 4111 primo
713 4051 794 4113 pena
818 4032 847 4092 X
869 4051 1058 4110 marcarum,
1080 4032 1112 4092 in
1137 4051 1199 4113 qua
1231 4032 1410 4111 succubuit,
1435 4052 1490 4113 per

227 4138 364 4200 indicem
383 4137 524 4216 tollatur,
553 4152 584 4199 et
608 4137 738 4198 demum
756 4137 908 4199 estimato
937 4138 1089 4220 dampn0,
1119 4138 1235 4199 domus
1252 4139 1290 4200 N.
1320 4153 1350 4199 et
1385 4138 1493 4199 Petres

226 4245 255 4305 ei
279 4263 336 4326 per
359 4244 464 4325 ipsum
497 4241 632 4305 Cursam
656 4263 713 4304 seu
744 4243 878 4305 domum
910 4264 1001 4305 suam
1033 4244 1133 4322 illato,
1166 4242 1206 4304 de
1239 4244 1354 4305 eodem
1384 4243 1492 4325 precio

227 4348 396 4411 reficiatur.

333 4454 410 4514 Item
435 4467 549 4515 octavo
574 4454 626 4516 die
652 4455 808 4516 Martinus
838 4455 961 4537 Reyniz
994 4474 1049 4536 per
1081 4455 1186 4516 Eliam
1210 4455 1436 4517 stacionarium
1462 4468 1493 4518 et

228 4557 408 4621 Iohannem
433 4560 611 4621 Barbacum
635 4580 730 4643 super
754 4580 819 4623 uno
848 4561 949 4637 lecto;
974 4561 1050 4622 item
1074 4581 1130 4644 per
1163 4561 1337 4623 Martinam
1362 4559 1491 4623 fratrem
1590 4623 1596 4631 ,

227 4663 298 4725 EIie
322 4666 409 4746 parvi
435 4686 531 4748 super
554 4666 619 4728 alio
643 4668 726 4729 lecto
751 4666 832 4728 daris
860 4686 916 4728 seu
950 4667 1054 4728 missis
1078 4667 1110 4728 in
1135 4667 1269 4728 domum
1293 4667 1320 4730 J.
1344 4664 1402 4729 filii
1426 4670 1492 4728 An·

224 4768 329 4831 thonii
363 4772 586 4835 testImonium
622 4773 801 4857 producere
836 4773 952 4850 debet,
987 4788 1018 4834 et
1054 4772 1185 4840 tandem
1216 4772 1304 4836 idem
1336 4772 1493 4836 Martium
