3488 5250
691 321 779 376 Anno
802 319 892 395 1356.
915 354 959 363 —
984 334 1012 379 J.
1036 331 1150 393 aprrrrs.

399 527 476 590 item
502 528 540 593 G.
565 530 712 591 sacerdos
736 545 781 591 est
809 531 973 592 convictus
1005 531 1173 592 indecem
1205 499 1331 592 marcis·
1350 530 1556 592 denariorum

294 650 403 696 contra
428 636 571 697 relictam
597 635 778 714 Chernech,
796 637 869 718 quia
893 637 1110 718 calumpniam
1127 650 1236 699 contra
1260 637 1361 719 ipsam
1379 635 1557 719 proposuit.

399 742 476 803 Item
500 744 539 804 N.
564 742 704 804 carnifex
729 743 780 805 die
813 757 927 805 octavo
960 743 1054 805 debet
1085 756 1259 825 protestare
1291 722 1400 805 contra
1424 761 1556 804 uxorem

294 848 463 909 Laurencii
487 868 583 930 super
607 847 689 909 facto
714 849 880 911 cuiusdam
906 848 1103 910 lintiaminis.

399 955 477 1015 item
496 955 651 1015 Martinus
675 953 759 1015 filius
778 954 933 1016 Anthonii
962 967 1072 1016 contra
1097 951 1225 1015 fratrem
1243 952 1427 1016 Gotfridum
1453 950 1557 1032 primo

293 1061 405 1121 citatus
430 1080 493 1120 non
519 1061 710 1142 comparuit.

478 1297 574 1371 Feria
601 1306 700 1371 sexta
728 1301 881 1388 proxima
910 1306 987 1370 ante
1015 1300 1214 1370 dominicam
1243 1299 1371 1371 Letare.

835 1461 875 1527 (1.
899 1452 1026 1528 aprilis).

399 1610 507 1670 Primo
531 1629 625 1671 causa
649 1609 786 1670 Drusine
811 1623 841 1670 et
867 1609 911 1670 St.
936 1607 993 1670 filii
1010 1607 1099 1670 Rade
1124 1620 1170 1669 est
1192 1620 1316 1688 recepta
1334 1605 1373 1667 ad
1398 1619 1471 1667 octo
1489 1605 1567 1666 dies.

293 1716 332 1777 ad
357 1735 480 1796 pacem.

398 1820 478 1884 Item
504 1841 597 1882 causa
615 1841 677 1902 que
695 1821 826 1882 vertitur
844 1821 927 1882 inter
944 1820 1121 1902 Georgium
1137 1819 1334 1880 sacerdotem
1360 1831 1389 1880 et
1413 1817 1557 1879 relictam

294 1927 462 1989 Chernech
486 1941 532 1988 est
556 1940 726 2009 prorogata
744 1926 783 1986 ad
803 1927 942 2008 primum
960 1925 1114 2005 judicium
1143 1937 1288 2006 presente
1313 1923 1446 1985 domino
1463 1924 1558 1985 Petro

293 2033 399 2114 judice
423 2032 567 2094 fiendum
592 2032 645 2109 ita,
681 2032 768 2113 quod
800 2045 999 2113 partescum
1032 2049 1140 2092 earum
1175 2030 1393 2090 instrumentis
1417 2043 1448 2090 et
1469 2027 1556 2090 testi·

294 2139 412 2199 moniis
436 2157 557 2217 earum,
581 2137 669 2219 quod
694 2136 811 2197 habere
836 2150 995 2218 poterunt.

398 2244 475 2305 Item
500 2243 653 2304 Nicolaus
676 2241 835 2303 aurifaber
858 2256 967 2303 contra
987 2240 1128 2303 Kussech
1154 2254 1183 2301 et
1202 2239 1406 2301 Meterlinum
1423 2239 1463 2300 ad
1481 2252 1555 2300 octo

294 2349 362 2411 dies
386 2349 481 2411 debet
505 2348 709 2430 respondere.

400 2455 477 2515 Item
503 2467 610 2515 contra
635 2453 780 2514 Zalikam
805 2452 966 2513 Johanues
990 2451 1084 2513 debet
1108 2451 1284 2534 producere
1308 2463 1411 2514 testes.

399 2559 476 2620 Item
493 2559 631 2620 secunda
648 2558 803 2619 citacionc
820 2573 866 2618 est
883 2558 995 2619 citatus
1012 2577 1068 2639 per
1085 2556 1262 2638 Georgium
1286 2557 1405 2618 dictum
1424 2557 1556 2638 Hudlep

294 2678 324 2725 et
348 2685 414 2726 non
438 2666 626 2746 comparuit.

400 2771 476 2831 item
501 2789 716 2851 causamque
741 2769 872 2830 vertitur
896 2771 977 2830 inter
1005 2768 1181 2850 Georgium
1207 2781 1237 2829 et
1263 2769 1433 2831 Mikaelem
1462 2782 1492 2830 et
1511 2769 1556 2830 St.

293 2889 414 2956 patrem
439 2894 533 2935 suum
557 2887 746 2957 receperunt
769 2873 809 2934 ad
834 2875 920 2955 pacis
944 2874 1149 2935 concordiam
1174 2873 1214 2935 ad
1238 2887 1375 2936 octavas.

400 2980 478 3041 item
511 3001 657 3058 causam,
693 2999 755 3061 que
791 2980 922 3041 vertitur
946 2981 1026 3041 inter
1062 2979 1127 3041 Oth
1159 2992 1189 3039 et
1224 2978 1337 3059 Artuig
1370 2979 1554 3061 prorogavit

294 3085 389 3167 judex
414 3086 453 3147 ad
479 3087 618 3168 primum
644 3085 799 3166 judicium
823 3100 893 3166 post
911 3085 996 3147 diem
1021 3086 1128 3163 Pasce,
1145 3085 1170 3145 si
1188 3084 1296 3146 medio
1321 3098 1464 3167 tempore
1481 3105 1553 3168 pos·

294 3207 367 3253 sunt
390 3205 493 3273 partes
518 3191 731 3269 concordare,⁴
748 3193 828 3251 bene
853 3191 996 3272 quidem,
1027 3191 1052 3252 si
1077 3210 1141 3253 non
1164 3203 1306 3271 possunt,
1335 3192 1428 3253 ambe
1453 3205 1557 3273 partes

295 3296 437 3379 (debent)
462 3317 645 3378 comparere
671 3297 709 3358 ad
735 3297 821 3357 diem
844 3310 1057 3378 prenotatum.

400 3402 478 3464 Item
502 3418 548 3465 est
574 3403 793 3463 adiudicatum
818 3401 969 3465 chhoni
1000 3423 1055 3484 per
1087 3402 1225 3484 judicem
1250 3416 1281 3463 et
1312 3401 1442 3483 juratos,
1466 3402 1555 3483 quod

295 3521 420 3567 tenetur
444 3508 502 3568 sibi
528 3509 603 3570 dare
635 3507 767 3569 domina
799 3528 877 3569 uxor
901 3509 985 3569 Iwan
1018 3508 1092 3569 dicti
1118 3508 1224 3590 Drazy
1248 3508 1327 3570 duas
1357 3507 1480 3568 tunicas
1503 3507 1555 3569 vel

295 3627 357 3673 tres
380 3612 449 3674 flor.
474 3613 506 3673 in
531 3614 634 3694 specie
660 3612 741 3673 infra
766 3613 952 3694 quindenas.

400 3717 476 3777 Item
502 3717 621 3778 Mathie
645 3730 691 3778 est
715 3717 827 3779 citatus
850 3738 905 3800 per
929 3717 1004 3780 luan
1034 3717 1228 3796 sellatorem,
1264 3719 1319 3799 qui
1344 3716 1473 3799 Mathey
1498 3736 1556 3779 nec

295 3822 382 3884 venit
407 3842 464 3883 nec
489 3823 574 3884 misit
597 3823 637 3883 ad
661 3823 835 3884 secundam
859 3824 1058 3887 citationem.

402 3928 479 3988 Item
504 3929 654 4009 magister
678 3928 849 4006 iohannes,
883 3931 1025 3990 notarius
1056 3942 1175 4007 noster,
1198 3943 1306 3990 contra
1339 3928 1492 3989 Mathiam
1517 3927 1551 3990 fi-

295 4032 373 4093 lium
399 4032 547 4094 Kuchine
572 4035 685 4115 prima·
710 4034 864 4095 citacioue
896 4055 960 4096 non
994 4034 1183 4116 comparuit,
1216 4054 1273 4095 nec
1299 4032 1477 4095 Johannem
1511 4033 1555 4095 fa-

294 4136 419 4198 mulum
443 4156 535 4198 suum
560 4139 669 4200 statuit
693 4137 733 4199 ad
758 4139 921 4200 iudicium.

401 4243 479 4302 Item
503 4242 649 4305 Cristena
674 4256 783 4304 contra
800 4245 989 4306 Menardum
1014 4258 1129 4306 octavo
1153 4245 1204 4304 die
1229 4245 1324 4306 debet
1347 4246 1553 4308 duodecima·

296 4360 360 4406 met
386 4347 577 4410 dominabus
601 4349 660 4409 sibi
687 4348 906 4410 consimilibus
930 4351 1116 4412 concivibus
1146 4352 1260 4411 nostris
1285 4351 1444 4432 deponere
1469 4352 1552 4431 jura·

296 4464 439 4514 mentum
463 4466 559 4533 etse,
584 4469 618 4516 ut
641 4453 830 4536 premissum
864 4469 920 4533 est,
955 4474 1139 4538 expugnare
1174 4469 1282 4516 contra
1317 4457 1441 4536 oposita
1463 4459 1553 4540 Mey-

296 4557 387 4618 nardi
409 4560 578 4640 prenotati.

400 4660 476 4724 Item
500 4663 766 4745 adjudicaverunt
789 4661 891 4743 jurati,
915 4677 950 4726 ut
973 4666 998 4726 si
1021 4663 1173 4725 Nicolaus
1196 4662 1280 4725 filius
1303 4664 1390 4743 luan,
1414 4666 1553 4730 Martiuo

296 4763 363 4828 filio
379 4766 507 4833 Kcmiui
531 4769 564 4830 in
589 4768 701 4848 aliquo
725 4767 891 4848 culpabilis
907 4770 1018 4848 extitit,
1034 4768 1212 4832 secundum
1236 4769 1498 4833 consvetudincm
1522 4787 1553 4835 et
