3488 5250
241 347 281 407 88
659 348 746 406 Anno
769 360 857 424 1357.
881 381 924 389 -
948 365 982 425 p.
1006 350 1085 407 maii.

346 558 425 619 Item
447 556 618 617 Barberius
642 570 751 617 contra
777 556 882 618 Vanse
905 557 945 617 ad
977 571 1050 618 octo
1081 558 1149 618 dies
1181 558 1300 639 recepit
1330 559 1502 619 terminum

241 663 282 725 ad
305 662 578 743 respondendum.

346 770 423 831 Item
448 789 627 850 causaque
653 769 734 830 inter
765 769 884 849 juratos
916 784 946 830 et
978 771 1146 830 Marenum
1175 772 1270 831 Zolar
1301 772 1432 832 vertitur
1463 771 1503 832 ad

240 889 313 937 octo
338 876 405 937 dies
428 889 474 937 est
497 889 667 956 prorogata
692 875 745 953 ita,
761 865 795 935 'si
819 876 917 936 iudici
951 889 981 937 et
1004 875 1114 955 juratis
1138 877 1337 938 voluntatem
1362 877 1503 939 inveniet

240 983 279 1041 de
304 983 432 1063 previis‚
457 984 537 1043 bene
562 981 704 1062 quidem,
728 981 873 1062 alioquin
898 981 1055 1042 iusticiam
1080 981 1198 1044 lacient
1221 983 1260 1044 de
1286 983 1412 1044 eodem.

347 1089 423 1149 Item
449 1089 523 1169 quia
549 1087 673 1148 Henrih
697 1085 827 1168 pellifex
850 1088 950 1148 alium
975 1087 1151 1149 Henricum
1184 1087 1365 1150 carnIficem
1389 1089 1501 1150 vulne·

241 1195 330 1272 ravit,
355 1208 481 1255 tenetur
505 1194 629 1254 solvere
655 1193 760 1253 eidem
785 1193 863 1253 duas
887 1212 1009 1253 marcas
1040 1208 1071 1253 et
1094 1193 1191 1254 iudici
1217 1194 1358 1255 mediam
1382 1209 1412 1256 et
1436 1214 1502 1255 me-

240 1301 313 1361 dico
336 1299 515 1361 satisfacere
540 1319 641 1380 usque
666 1298 852 1379 qulndecim
876 1298 953 1361 dies.

346 1406 423 1466 Item
449 1406 553 1486 primo
578 1404 698 1484 judicio
722 1404 839 1465 Paulus
857 1418 966 1465 contra
993 1404 1171 1465 Iohannem
1197 1406 1350 1485 Neterger
1374 1425 1503 1486 compa·

241 1531 310 1572 rere
334 1526 469 1572 tenetur.

346 1618 425 1678 Item
449 1636 550 1697 usque
576 1616 761 1696 quindecim
779 1616 847 1676 dies
872 1616 958 1677 Elias
982 1636 1098 1698 parvus
1115 1616 1215 1677 Paulo
1240 1617 1353 1696 pictori
1378 1618 1501 1679 solvere

240 1735 366 1783 tenetur
392 1723 447 1782 LX
472 1721 621 1782 denarios
645 1721 751 1782 minus
774 1722 884 1783 tribus.

348 1803 560 1889 Item-Mareu
592 1840 622 1887 et
654 1827 804 1888 Albertus
837 1827 992 1888 litteratus
1023 1840 1132 1888 contra
1163 1827 1269 1888 Eliam
1298 1847 1431 1909 parvum
1455 1847 1504 1889 se-

241 1934 347 1994 cundo
372 1934 455 1994 citati
482 1952 546 1993 non
572 1947 829 2014 comparuerunt.

345 2039 424 2099 Item
449 2038 586 2098 Plauech
612 2053 643 2099 et
668 2038 863 2119 Meynardus
887 2052 995 2099 contra
1021 2037 1143 2118 Chegel
1167 2039 1309 2100 secundo
1335 2040 1419 2100 citati
1438 2059 1503 2101 non

244 2159 501 2224 comparuerunt.

350 2251 425 2310 Item
451 2269 552 2329 usque
576 2263 649 2309 octo
675 2249 743 2309 dics
767 2249 854 2309 Elias
875 2269 992 2330 parvus
1017 2263 1140 2310 tenetur
1165 2249 1239 2311 dare
1257 2251 1429 2312 Valentino
1445 2270 1504 2332 pro

240 2369 501 2436 quantocumque
526 2369 685 2415 araturam
711 2355 805 2415 unius
830 2354 913 2415 diete
938 2356 1056 2436 poterit
1080 2355 1249 2437 apreciare.

272 2557 366 2639 Nota,
395 2556 482 2643 quod
510 2557 619 2626 tercia
646 2554 732 2626 feria
759 2559 916 2644 proxima
935 2563 1011 2644 post
1039 2556 1161 2627 festam
1190 2558 1281 2627 beati
1309 2557 1475 2645 johannis

661 2685 899 2766 anteponam
930 2679 1082 2749 latinam.

779 2840 822 2905 (9.
847 2832 946 2906 nturi).

347 2987 456 3047 Primo
480 2986 697 3067 principaliter
715 3006 808 3047 causa
833 3006 895 3067 que
913 2988 1044 3048 vertitur
1068 2988 1149 3048 inter
1173 2987 1258 3048 Mike
1283 2988 1502 3049 balneatorem

241 3107 273 3153 et
297 3094 413 3154 Katam
445 3092 613 3152 mulierem
645 3093 683 3152 ad
709 3106 782 3153 octo
814 3092 882 3154 dies
913 3095 972 3153 sub
997 3113 1055 3154 suo
1087 3106 1169 3153 statu
1194 3105 1241 3152 est
1271 3107 1439 3173 prorogata
1463 3092 1504 3154 ad

241 3218 363 3280 pacem.

346 3305 423 3365 Item
450 3321 562 3365 octavo
595 3304 646 3365 die
680 3302 811 3364 Gabriel
841 3304 927 3364 filius
952 3304 1074 3364 Pauleti
1108 3317 1216 3364 contra
1248 3322 1391 3365 sororem
1414 3323 1504 3365 suam

242 3410 435 3491 respondere
460 3423 595 3471 tenetur.

346 3516 423 3575 Item
449 3515 585 3576 Michael
611 3513 698 3576 faber
723 3530 831 3576 contra
856 3516 1023 3576 Mortonos
1046 3515 1228 3576 sellatorem
1254 3515 1358 3596 primo
1391 3516 1503 3576 citatus

241 3641 306 3681 non
335 3620 524 3702 comparuit.

345 3726 424 3787 Item
449 3744 542 3785 causa
569 3744 630 3805 que
662 3725 795 3786 vertitur
827 3726 908 3787 inter
940 3728 978 3787 N.
1010 3726 1136 3786 Kordar
1167 3740 1197 3787 et
1221 3727 1389 3787 Mortonos
1412 3727 1503 3787 sella·

239 3844 343 3892 torem
367 3832 406 3891 ad
432 3850 543 3912 pacem
568 3831 607 3890 ad
632 3844 705 3891 octo
728 3830 797 3891 dies
822 3845 867 3891 est
891 3846 1072 3913 prorogata.

345 3937 424 3997 Item
449 3936 573 3996 Blasius
606 3936 806 3997 Bremennak
840 3952 949 3999 contra
976 3938 1123 3999 Markum
1155 3937 1194 3998 de
1220 3937 1431 3998 Wlkomerch
1455 3956 1503 3998 se·

240 4042 346 4102 cundo
372 4043 484 4102 citatus
510 4060 574 4101 non
601 4043 789 4123 comparuit.

346 4148 423 4207 Item
448 4160 560 4207 octavo
586 4147 637 4207 die
663 4148 772 4207 Maren
798 4145 938 4208 carnifex
962 4167 1018 4229 per
1043 4146 1082 4209 G.
1108 4148 1146 4208 N.
1172 4161 1202 4208 et
1227 4149 1410 4209 Emericum
1436 4168 1501 4209 car-

240 4251 349 4313 nifices
373 4266 481 4313 contra
507 4252 708 4313 Radozlaum
733 4265 858 4313 tenetur
882 4253 1102 4314 testimonium
1125 4253 1313 4335 producere.

346 4358 425 4419 Item
449 4359 530 4419 Zore
564 4371 594 4418 et
617 4358 695 4419 Wlk
728 4357 865 4439 lapicida
898 4372 1006 4419 contra
1033 4359 1118 4420 Mile
1150 4359 1190 4419 de
1223 4359 1373 4420 Pobresia
1397 4360 1502 4440 primo

242 4463 325 4523 citati
351 4484 415 4525 non
441 4477 698 4545 comparuerunt.

346 4569 424 4631 Item
457 4569 535 4631 feria
568 4584 654 4630 sexta
687 4570 831 4651 proxima
864 4569 1032 4651 Philippus
1062 4569 1202 4631 carnifex
1234 4584 1342 4631 contra
1367 4571 1504 4632 Paulum

238 4691 410 4754 preconem
434 4695 491 4757 per
522 4675 566 4738 St.
599 4688 753 4736 sartorem
777 4687 808 4735 et
840 4675 1007 4736 Marenum
1042 4694 1137 4757 super
1167 4676 1393 4737 verberacione
1418 4677 1505 4737 testi-

238 4779 388 4841 monium
411 4780 589 4863 producere
614 4793 749 4842 tenetur.
