3488 5250
257 341 273 382 2
280 341 319 401 50
639 324 725 381 Anno
748 320 840 399 1562.
866 356 905 366 -
927 336 961 397 9.
985 323 1145 382 decembris.

361 532 430 615 lpaa
454 551 531 594 vero
563 532 671 594 relicta
704 546 817 594 octavo
849 533 900 595 die
932 552 965 595 se
997 532 1094 593 tercia
1118 531 1151 592 in
1184 531 1325 612 quodam
1349 550 1458 613 panno
1492 544 1523 594 et

255 658 327 701 cera
351 638 602 720 juramentaliter
626 638 723 700 debet
745 659 778 700 se
804 658 989 721 expurgare.

361 745 439 806 item
464 763 565 826 usque
590 744 769 825 quindenas
799 745 914 822 Petras,
947 745 1109 807 Johannes
1133 759 1163 807 et
1187 745 1340 807 Nicolaus
1369 756 1520 807 tenentur

254 851 377 912 solvere
403 869 501 911 unam
525 863 665 912 marcam
690 850 798 912 relicte
823 850 927 912 Sosse.

360 955 438 1016 Item
452 956 555 1018 Draxe
567 955 709 1017 secundo
723 956 836 1017 citatus
853 970 962 1018 contra
978 957 1018 1018 N.
1042 956 1058 1017 J
1061 976 1237 1018 anuensem
1250 975 1315 1018 non
1332 954 1522 1036 comparuit.

360 1061 438 1122 Item
462 1061 608 1123 Andreas
632 1059 721 1122 faber
744 1062 847 1123 extitit
870 1074 1063 1144 protestatus
1094 1062 1183 1143 quod
1207 1059 1354 1124 Thomas
1378 1057 1519 1121 frenator

254 1168 286 1227 in
312 1167 417 1248 ipsum
444 1166 577 1245 irruens,
601 1186 677 1229 eum
701 1168 741 1230 ad
765 1166 903 1248 digitum
932 1180 1110 1245 mactasset,
1134 1168 1185 1229 cui
1210 1168 1283 1229 data
1307 1180 1353 1227 est
1377 1163 1521 1244 facultas,

253 1288 288 1334 ut
311 1273 367 1335 ubi
391 1293 464 1334 eum
490 1273 632 1335 inveniet
654 1273 694 1334 ad
720 1273 877 1335 iusticiam
902 1274 1006 1335 valeat
1034 1273 1187 1335 detinere.

361 1379 439 1440 Item
471 1379 546 1440 licet
578 1378 752 1461 Dyonisius
781 1379 929 1440 sacerdos
961 1378 1112 1441 Gedruch
1148 1378 1283 1457 citasset,
1314 1391 1421 1439 tamen
1453 1395 1519 1437 non

252 1483 343 1545 venit
369 1503 427 1544 nec
452 1482 548 1544 misit.

359 1589 438 1650 Item
462 1589 570 1650 Petrea
593 1587 732 1651 carnifex
768 1589 935 1671 appellans
966 1589 1243 1651 adiudicacionem
1275 1586 1453 1669 juratorum
1476 1585 1517 1648 ad

254 1695 450 1777 presenciam
476 1694 619 1775 judicum
643 1696 850 1776 antiquorum
874 1714 941 1757 non
962 1696 1152 1777 comparuit,
1176 1713 1274 1776 quare
1297 1705 1407 1755 contra
1431 1693 1518 1775 ipsos

252 1799 371 1881 juratos
388 1802 540 1863 remansit
564 1803 595 1863 in
620 1803 720 1864 tribus
744 1804 851 1884 pensis
874 1803 950 1885 ipsis
973 1803 1147 1865 solvendis.

357 1907 435 1969 item
461 1908 617 1970 Martinus
642 1909 766 1992 Reyniz
790 1909 949 1971 similiter.

360 2013 437 2075 item
472 2029 574 2075 mater
607 2014 765 2076 Anthonii
801 2030 910 2076 contra
954 2013 1132 2095 Georgium
1171 2013 1276 2097 primo
1318 2013 1411 2075 citata
1454 2032 1520 2075 non

253 2119 443 2202 comparuit.

410 2355 507 2429 Faria
535 2367 635 2430 sexta
663 2360 818 2448 proxima
846 2365 923 2447 post
950 2358 1073 2429 festum
1102 2359 1191 2429 beati
1221 2355 1360 2429 Nicolai.

763 2512 806 2586 (9.
829 2512 1006 2586 decembris).

359 2649 468 2710 Primo
494 2649 669 2731 Gregorius
693 2670 726 2712 se
753 2651 870 2712 tercius
901 2665 1016 2713 octavo
1041 2652 1093 2713 die
1118 2665 1227 2714 contra
1251 2653 1368 2734 Mykus
1391 2649 1518 2732 jurabit,

252 2756 339 2837 quod
366 2775 423 2816 nec
447 2755 552 2837 ipsum
577 2776 635 2817 nec
660 2770 795 2818 matrem
817 2777 909 2819 suam
932 2760 1138 2821 verberasset.

358 2861 434 2923 Item
461 2862 579 2922 Paulus
603 2862 740 2923 condam
764 2862 859 2943 judex
876 2876 985 2925 contra
1010 2864 1146 2925 Paulum
1164 2864 1266 2946 Wrag
1290 2863 1330 2924 ad
1355 2875 1429 2925 octo
1447 2862 1515 2924 dies

251 2967 370 3048 recepit
393 2968 566 3028 terminum
592 2967 631 3028 ad
659 2968 932 3049 respondendum.

358 3072 434 3134 Item
461 3071 620 3153 Georgius
652 3088 741 3135 sutor
772 3087 882 3136 contra
908 3075 952 3138 St.
985 3089 1016 3137 et
1041 3074 1161 3137 Trosth
1192 3074 1312 3155 juratos
1336 3074 1368 3135 in
1393 3073 1513 3149 iudicio

251 3177 290 3238 111
314 3179 421 3260 pensis
444 3179 596 3239 remansit
618 3177 797 3241 satisfacere
822 3180 854 3241 in
879 3181 1062 3261 quindenis.

358 3284 436 3345 item
460 3304 553 3344 causa
578 3283 733 3346 Johannis
757 3285 917 3347 Vidonich
947 3300 1057 3348 contra
1081 3284 1220 3347 famulos
1252 3284 1378 3347 Crisani
1403 3283 1514 3346 estad

250 3402 323 3450 octo
348 3389 415 3450 dies
439 3390 480 3450 ad
503 3409 613 3471 pacem
638 3404 819 3472 prorogata.

358 3494 435 3555 Item
458 3515 551 3555 causa
577 3496 614 3557 N.
640 3496 809 3557 Januensis
840 3510 950 3557 contra
983 3496 1085 3558 Draxe
1110 3497 1151 3558 ad
1181 3495 1293 3558 feriam
1317 3495 1448 3558 terciam
1472 3494 1514 3557 ad

250 3599 489 3661 attestationem
515 3599 638 3661 domini
664 3600 697 3661 P.
722 3600 868 3682 L(igerii)
893 3615 939 3662 est
962 3575 1143 3684 prorogata.

356 3704 433 3766 Item
458 3706 588 3766 Kokoth
612 3720 721 3767 contra
744 3706 847 3767 Kozel
871 3706 911 3767 ad
939 3720 1013 3769 octo
1038 3707 1105 3768 dies
1129 3708 1248 3790 recepit
1271 3708 1446 3770 terminum
1469 3707 1511 3770 ad

249 3809 524 3891 respondendum.

355 3915 433 3978 ltem
451 3918 595 3979 Andreas
612 3917 700 3980 faber
716 3935 825 3982 contra
844 3920 974 3983 Kokoth
991 3922 1095 4003 primo
1109 3921 1222 3983 citatus
1240 3941 1305 3983 non
1319 3920 1510 4003 comparuit.

354 4022 432 4083 item
458 4023 565 4106 Matey
589 4037 698 4086 contra
723 4024 858 4088 Cussam
881 4026 986 4109 primo
1010 4028 1123 4089 citatus
1147 4046 1213 4088 non
1238 4027 1428 4109 comparuit.

356 4128 433 4189 Item
465 4128 632 4191 Mortonos
663 4131 740 4192 Zedi
776 4147 885 4194 contra
916 4132 1123 4195 Valentinum
1157 4133 1261 4214 primo
1296 4133 1409 4195 citatus
1446 4153 1513 4199 nou

250 4234 440 4315 comparuit.

355 4338 432 4400 item
457 4354 571 4402 octavo
604 4341 656 4403 die
688 4341 851 4404 lohannes
884 4357 993 4405 contra
1024 4343 1127 4405 filium
1153 4344 1262 4406 Rados
1292 4364 1349 4428 per
1381 4344 1511 4407 Petrum

248 4458 402 4506 sartorem
426 4460 457 4506 et
481 4446 657 4508 Francham
681 4448 903 4510 testimonium
926 4449 1091 4531 producet,
1116 4451 1204 4532 quod
1227 4451 1288 4514 sibi
1312 4470 1415 4513 unum
1438 4451 1509 4515 flor.

251 4549 374 4611 solvere
398 4553 629 4634 assumpsisset.

353 4656 432 4719 Item
457 4657 603 4721 Thomas
626 4658 770 4721 literatus
802 4659 907 4741 primo
936 4661 1048 4723 citatus
1071 4674 1181 4724 contra
1206 4662 1303 4725 Nicili
1326 4681 1393 4726 non
1425 4680 1515 4725 com·

250 4760 364 4842 paruit.
