3488 5250
641 339 838 414 Ann01357.
862 373 906 383 —-
928 353 957 415 3.
980 340 1089 400 martii.
1461 361 1502 423 79

344 547 423 610 Item
456 548 574 609 Karrea
606 548 715 610 relicta
745 549 856 610 Jacobi
890 547 1019 609 cartorio
1050 563 1160 610 contra
1194 554 1323 611 Annam
1359 551 1502 613 relictam

239 652 374 735 Georgii
398 653 570 736 Dubychin
595 652 672 715 feria
696 655 792 715 tercia
816 654 961 736 proxima
990 667 1062 735 post
1086 669 1214 716 octavae
1236 653 1307 717 feati
1332 656 1428 718 Parce
1445 656 1503 718 do·

238 759 318 821 mIni
343 760 490 841 proxime
516 779 601 822 nunc
625 773 775 821 venturas
807 759 1068 822 duodecimamet
1098 759 1289 824 mulieribus
1311 763 1395 825 bone
1419 762 1503 825 fame

239 865 299 927 eibi
325 864 485 927 similibus
508 864 605 928 debet
627 865 788 948 deponere
813 865 1029 948 juramentum
1053 866 1086 928 in
1115 885 1165 944 eo,
1189 867 1277 948 quod
1302 868 1368 950 ipsa
1386 870 1502 933 Katrea

238 971 271 1032 in
295 970 447 1031 omnibus
471 970 724 1051 aquisicionibus
747 970 831 1032 dicte
856 975 948 1031 Anne
971 970 1099 1052 penitus
1123 971 1277 1034 innocens
1293 987 1375 1035 esset
1397 987 1428 1035 et
1443 973 1503 1036 im·

238 1075 362 1153 munia,
386 1076 429 1138 ita
453 1090 560 1138 tamen
584 1075 609 1137 ai
634 1076 743 1139 medio
770 1090 916 1158 tempore
939 1075 1001 1137 alia
1025 1076 1076 1138 via
1101 1096 1207 1139 rerum
1231 1078 1331 1160 ipsius
1371 1078 1502 1142 domine

240 1185 334 1243 Anne
359 1179 446 1243 furtu
469 1182 665 1243 sublatarum
691 1183 807 1264 poterit
831 1182 978 1243 inveniri.

305 1308 308 1315 ·
343 1288 422 1349 Item
440 1285 518 1349 feria
535 1300 621 1350 sexta
645 1288 791 1370 proxima
808 1288 963 1350 Amoltus
978 1287 1064 1350 filius
1082 1287 1224 1350 Gracioli
1241 1303 1350 1353 contra
1367 1291 1502 1354 luanum

237 1393 420 1476 proximum
446 1394 575 1455 Markus
599 1394 771 1476 Zequirich
802 1414 859 1477 per
888 1394 1052 1457 Donatum
1076 1392 1273 1457 aurifabrum
1306 1412 1337 1459 et
1363 1397 1503 1461 Munech

238 1517 275 1560 ac
300 1498 425 1560 Mikech
449 1499 670 1561 testimonium
694 1501 871 1582 producere
895 1514 1032 1563 tenetur.
1337 1478 1361 1530 ⁰

343 1605 1502 1693 ItemMartinusReynizcontraGerinumprimocitatuanoncomparuit.

343 1710 421 1772 Item
445 1710 628 1774 Demetrius
651 1725 760 1774 contra
783 1711 963 1776 Iohannem
987 1713 1111 1774 Zobota
1130 1713 1272 1775 necundo
1298 1715 1412 1778 citatus
1435 1737 1501 1781 non

238 1816 428 1898 comparuit.

343 1922 422 1983 Item
447 1921 574 1983 Blaaiua
605 1922 808 1984 Bremennalr
838 1936 948 1986 contra
981 1924 1124 1985 Marcum
1155 1925 1260 2006 prImo
1292 1926 1405 1988 citatus
1435 1948 1501 1991 non

237 2028 427 2110 comparuit.

343 2133 422 2196 Item
458 2147 572 2195 octavo
607 2133 659 2196 die
691 2135 778 2197 Bene
811 2149 919 2197 contra
953 2136 1082 2219 Endrey
1114 2138 1234 2220 recepit
1256 2139 1430 2201 terminum
1460 2139 1501 2202 ad

237 2238 510 2322 respondendum.

343 2346 421 2407 Item
453 2346 564 2407 Maren
597 2345 692 2407 Zolar
724 2366 795 2408 cum
832 2346 960 2409 duobus
984 2347 1111 2428 judiciis
1142 2356 1252 2412 contra
1282 2351 1364 2412 Zore
1396 2352 1501 2434 prImo

236 2451 357 2513 iudicio
381 2469 567 2533 comparere
592 2450 733 2514 debebit.

341 2556 420 2618 Item
445 2556 562 2618 Paulus
585 2571 695 2619 contra
719 2558 899 2620 iohannem
923 2560 1077 2641 Neterger
1100 2560 1255 2626 similiter.

341 2662 420 2723 Item
452 2661 537 2723 filins
574 2662 725 2724 chheni
756 2677 865 2725 contra
898 2663 1105 2726 Dominicum
1137 2664 1240 2728 filium
1272 2667 1364 2751 Cepk
1395 2670 1500 2752 primo

235 2768 351 2832 citatus
373 2788 438 2830 non
467 2770 656 2852 comparuit.

250 2968 346 3054 Nota,
375 2969 461 3059 quod
490 2968 575 3041 ferIa
604 2977 702 3041 sexta
729 2973 884 3059 proxima
912 2979 990 3043 ante
1019 2974 1221 3046 dominicam
1249 2975 1482 3050 Reminiscere.

778 3097 820 3164 (3.
843 3091 964 3166 ittarta).

342 3210 450 3272 PrImo
476 3208 635 3271 Henricus
658 3208 789 3291 pellifex
815 3223 923 3271 contra
949 3211 1125 3275 Henricum
1143 3213 1268 3276 Drobar
1291 3217 1433 3279 secundo
1457 3218 1500 3279 ci·

235 3328 319 3378 tatus
343 3335 406 3378 non
433 3317 621 3398 comparuit.

341 3421 420 3484 Item
444 3422 548 3483 Drarte
572 3436 681 3483 contra
706 3421 908 3484 Anthonium
932 3422 1069 3487 condam
1094 3423 1232 3503 judicem
1258 3427 1362 3508 ptimo
1387 3428 1501 3491 citatus

236 3545 301 3587 non
327 3527 516 3608 comparuit.

341 3632 419 3694 Item
445 3632 602 3693 Martinus
627 3632 752 3693 institor
775 3647 884 3694 contra
909 3633 1110 3696 Anthonium
1127 3636 1269 3698 secundo
1294 3637 1407 3699 citatur
1432 3658 1498 3700 non

235 3738 426 3819 comparuit.

341 3842 420 3903 Item
445 3843 472 3904 J.
496 3842 601 3904 Vanse
626 3858 736 3905 contra
760 3843 838 3906 Iuan
862 3846 967 3927 primo
996 3847 1109 3909 citatur
1133 3868 1196 3910 non
1222 3849 1411 3931 comparuit.

341 3948 420 4010 Item
445 3948 617 4032 Endreyko
641 3965 751 4011 contra
783 3950 894 4012 Perich
926 3965 1039 4013 octavo
1063 3952 1115 4014 die
1147 3967 1272 4015 tenetur
1296 3954 1498 4036 respondere.

341 4053 421 4114 Item
445 4053 576 4115 domina
601 4055 718 4136 Magda
752 4070 862 4117 contra
894 4057 1086 4119 Michaelem
1112 4058 1243 4142 Hudlep
1272 4060 1377 4141 prImo
1402 4060 1496 4122 citata

236 4178 300 4220 nott
326 4161 515 4241 comparuit.

342 4265 418 4327 Item
445 4266 598 4347 Dragicza
615 4281 724 4328 contra
743 4267 933 4330 MercIInum
951 4265 1065 4331 octavo
1091 4271 1143 4333 die
1156 4282 1283 4331 tenetur
1294 4270 1499 4352 respondere.

341 4371 420 4432 Item
451 4371 527 4432 Iuan
559 4369 655 4433 irater
687 4373 783 4434 Krine
815 4387 925 4436 contra
957 4374 1116 4438 Doklezin
1148 4376 1253 4458 primo
1285 4376 1399 4438 citatus
1433 4394 1498 4437 non

235 4476 425 4557 comparuit.

342 4581 419 4642 Item
445 4582 552 4643 Petres
576 4597 685 4644 contra
710 4584 908 4646 Domianum
931 4587 1037 4667 prImo
1062 4587 1175 4648 citatus
1211 4606 1276 4649 non
1308 4588 1497 4670 comparuit.

342 4687 419 4749 Item
454 4687 642 4750 Hermanko
666 4703 776 4751 contra
811 4691 955 4753 Marcum
989 4692 1107 4754 Donati
1143 4693 1248 4775 prImo
1283 4694 1398 4756 citatus
1432 4713 1497 4756 non

235 4793 425 4874 comparuit.
