3488 5250
647 341 847 419 Ann01359.
871 373 914 383 -
937 354 967 399 2.
990 343 1119 417 augusti.

352 550 430 613 Item
454 563 567 611 octavo
591 547 643 610 die
669 547 804 611 Chedna
828 563 936 610 contra
959 549 1131 611 Marcnum
1153 564 1295 612 autorem
1319 569 1392 613 cum
1409 570 1507 613 uxore

246 654 414 740 Meynardi
439 669 470 718 et
490 673 589 717 uxore
613 653 744 737 Mathey
765 653 893 716 Schuka
917 655 1138 718 testimonium
1159 655 1335 738 producere
1359 656 1465 721 debet.

352 764 430 825 Item
454 781 549 824 causa
579 780 643 844 que
675 760 808 822 vertitur
839 761 922 823 iuter
953 761 1145 824 Michaelem
1176 760 1276 824 Saffar
1299 776 1330 825 et
1353 763 1510 826 Iacobum

246 869 321 932 Kun
346 868 386 930 ad
411 880 483 929 octo
508 866 577 929 dies
600 866 639 928 ad
664 866 906 928 attestacIonem
921 865 1079 929 Anthonii
1096 865 1223 948 judicie,
1247 868 1344 930 Blasii
1367 869 1509 952 plebani,

246 974 402 1037 Martinus
426 972 504 1036 Zedi
529 987 560 1036 et
583 971 712 1035 Andree
744 969 825 1034 fabri
855 971 888 1032 in
911 991 993 1053 quos
1016 992 1049 1034 ae
1080 987 1186 1053 partes
1210 975 1509 1056 compromiserunt,

244 1093 293 1143 eat
315 1093 496 1162 prorogata.

351 1186 428 1246 Item
455 1183 565 1247 Petrus
588 1181 684 1244 taslar
708 1196 818 1244 contra
843 1182 972 1245 Petrum
1000 1197 1153 1245 sartorem
1177 1185 1283 1265 primo
1307 1185 1420 1248 citatus
1442 1205 1507 1249 non

244 1290 436 1372 comparuit.

353 1395 430 1458 Item
455 1395 562 1457 Herxa
585 1407 695 1457 contra
726 1393 934 1455 Kuecilonem
965 1408 1106 1457 autorem
1130 1394 1170 1457 ad
1195 1408 1268 1459 octo
1292 1396 1360 1458 diea
1389 1398 1509 1481 recepit

243 1501 417 1564 terminum
442 1500 483 1561 ad
507 1497 780 1582 respondendum.

350 1605 428 1668 Item
452 1603 652 1687 Margaretha
676 1603 871 1666 Brodaricha
895 1620 1005 1667 contra
1029 1624 1163 1669 uxorem
1187 1606 1343 1669 Iohannis
1365 1607 1507 1671 necundo

243 1713 341 1777 citata
362 1731 428 1773 non
453 1710 655 1793 comparuit.

350 1819 429 1883 Item
453 1818 583 1900 Endrey
606 1827 716 1880 contra
740 1820 902 1897 Agneaam
920 1816 1025 1898 primo
1049 1817 1163 1880 citatus
1183 1837 1248 1879 non
1273 1818 1462 1901 comparuit.

351 1923 429 1986 Item
453 1924 557 1986 Daue
592 1935 701 1983 contra
733 1921 889 1984 Iacobum
919 1922 1092 1984 litteratum
1123 1923 1265 1985 secundo
1297 1923 1411 1988 citatus
1441 1943 1507 1987 non

242 2030 433 2114 comparuit.

352 2135 430 2197 Item
454 2134 567 2197 Friche
591 2146 702 2198 contra
733 2132 917 2218 Philippum
949 2133 1130 2197 carnificem
1160 2134 1267 2215 primo
1297 2134 1410 2197 citatus
1440 2155 1506 2198 non

241 2242 434 2323 comparuit.
1320 2316 1323 2325 .

348 2346 426 2409 Item
444 2348 542 2408 Iunas
554 2360 662 2409 contra
676 2365 809 2408 uxorem
823 2345 978 2413 Demetrii
989 2346 1095 2428 primo
1109 2347 1223 2410 citatus
1235 2366 1301 2408 non
1315 2347 1505 2430 comparuit.

309 2564 407 2640 Faria
434 2574 534 2639 sexta
561 2567 717 2657 proxima
744 2575 822 2655 post
848 2572 990 2640 octavas
1018 2566 1108 2638 beati
1136 2567 1253 2657 Jacobi
1282 2568 1438 2656 apostoli,

769 2716 810 2793 (2.
835 2720 977 2797 augusti).

350 2873 458 2934 Primo
483 2892 577 2934 cauaa
600 2892 662 2953 que
694 2873 826 2935 vertitur
855 2874 937 2936 inter
966 2875 1081 2937 Iakmo
1111 2877 1329 2958 apotecarium
1353 2891 1385 2940 ct
1409 2879 1504 2942 Nico·

239 2979 330 3041 laum
353 2994 508 3040 sartorem
532 2978 572 3040 ad
597 2991 670 3040 octo
694 2977 762 3041 dies
785 2979 826 3041 ad
850 2998 961 3062 pacem
986 2994 1033 3042 eat
1055 2997 1236 3063 prorogata.

347 3085 425 3147 Item
450 3103 631 3165 causaque
664 3084 796 3145 vertitur
821 3085 903 3146 inter
934 3086 1136 3169 Mychaelem
1169 3087 1269 3151 Saffar
1293 3103 1324 3152 et
1348 3090 1503 3154 Iacobum

239 3189 362 3253 dictum
390 3190 463 3250 Kun
486 3190 525 3251 ad
552 3180 633 3251 octo'
649 3189 717 3251 dies
742 3203 789 3251 est
811 3206 993 3273 prorogata.

348 3296 426 3357 Item
443 3293 559 3377 Gunga
577 3308 687 3357 contra
700 3314 832 3357 uxorem
846 3296 998 3358 Domiani
1011 3297 1117 3379 primo
1134 3298 1226 3359 citata
1239 3318 1304 3361 non
1315 3301 1504 3381 comparuit.

347 3400 425 3461 Item
451 3401 559 3482 Lepka
592 3399 658 3461 filia
692 3400 802 3462 Jacobi
835 3415 944 3462 contra
976 3402 1081 3463 Vanae
1113 3403 1293 3467 carnificem
1325 3405 1430 3488 primo
1461 3408 1504 3469 ci-

237 3520 304 3573 tara
336 3525 402 3568 non
426 3507 615 3589 comparuit.
721 3579 724 3583 Δ

346 3611 425 3675 Item
450 3611 587 3674 Michael
610 3610 694 3674 filius
718 3613 830 3675 Kuche
854 3627 963 3677 contra
988 3614 1099 3677 Mareu
1127 3613 1308 3677 camificem
1330 3616 1436 3698 primo
1461 3617 1504 3679 ci-

236 3730 323 3781 tatua
346 3738 412 3779 non
437 3719 625 3801 comparuit.

345 3824 424 3885 Item
448 3837 563 3888 octavo
597 3824 799 3889 diepaulus
831 3825 871 3887 de
902 3826 1024 3909 Iuangh
1048 3825 1144 3888 frater
1176 3825 1274 3889 Sidak
1298 3841 1365 3889 met
1387 3829 1504 3892 tercius

237 3944 349 3992 contra
373 3929 561 3992 Farkasium
586 3913 690 4011 jurare
714 3931 820 3995 debet.
1009 4003 1012 4011 Ι

346 4036 423 4097 Item
447 4049 563 4098 statuta
580 4036 743 4115 est-vinea
760 4037 897 4098 condam
923 4036 1090 4115 Kukulini,
1106 4037 1284 4100 Wllcmano
1300 4038 1503 4103 molendina·

236 4140 300 4203 tori
325 4141 379 4219 ita,
404 4141 492 4222 quod
512 4143 576 4203 sub
600 4161 682 4224 pena
706 4143 850 4224 quinque
882 4161 1061 4205 marcarum
1083 4143 1235 4225 deinceps
1265 4143 1333 4228 ipae
1358 4134 1501 4207 Kukulin

236 4264 271 4306 ae
295 4246 506 4309 intromittere
531 4247 570 4309 de
602 4247 670 4330 ipsa
700 4248 794 4310 vinea
818 4267 883 4309 non
920 4248 1042 4326 debet„
1061 4268 1119 4311 nec
1154 4249 1258 4331 ipsum
1289 4249 1502 4313 WIkmanum

235 4350 402 4414 offendere
425 4354 524 4416 verbo
549 4353 600 4414 vel
625 4351 719 4418 facto.

242 4498 245 4503 -
345 4459 421 4520 Item
453 4459 591 4521 Michael
623 4458 717 4526 frater
753 4461 880 4523 lectoria
915 4475 1023 4522 contra
1060 4461 1230 4524 Nicolaum
1265 4460 1367 4523 filium
1398 4461 1502 4543 Bolog

238 4578 481 4645 procuratorem
505 4565 614 4626 uxoria
637 4565 797 4628 Ianchech
821 4567 926 4648 prImo
958 4566 1071 4629 citatus
1094 4586 1160 4629 non
1184 4567 1372 4649 comparuit.
1470 4643 1473 4646 ἦ

345 4687 423 4749 Item
455 4687 564 4749 relicta
593 4688 770 4750 Martinkus
794 4703 903 4751 contra
927 4690 1041 4772 Artuig
1064 4689 1170 4772 primo
1202 4691 1295 4752 citata
1321 4707 1387 4750 non
1415 4709 1502 4752 com·

236 4793 353 4875 paruit.
709 4797 714 4801 ’
919 4799 922 4805 “
