3488 5250
640 347 835 422 Ann01557.
861 381 903 390 —
926 363 955 405 2.
980 347 1109 421 augusti.

361 558 437 618 Item
463 557 620 619 Martinus
644 572 754 619 contra
779 563 905 620 Annam
930 560 1072 621 secundo
1096 559 1209 621 citatus
1238 579 1304 621 non
1329 563 1518 642 comparuit.

360 663 436 724 Item
462 683 556 724 causa
581 683 642 744 que
667 664 800 725 vertitur
825 665 906 725 inter
922 667 1089 727 Marenum
1115 678 1145 726 et
1167 685 1299 726 uxorem
1325 667 1363 730 N.
1387 667 1427 728 ad
1445 681 1518 730 octo

255 770 322 830 dies
345 770 385 830 ad
410 789 521 851 pacem
547 784 593 830 est
617 784 796 852 prorogata.

360 876 438 938 Item
463 897 556 937 causa
582 895 644 956 que
668 877 800 938 vertitur
824 877 906 938 inter
936 877 1042 938 Mikus
1067 892 1097 938 et
1121 877 1369 960 Endreykonem
1387 879 1428 940 ad
1444 893 1518 941 octo

253 982 320 1043 dies
344 983 384 1043 ad
408 1001 520 1064 pacem
545 995 591 1043 est
615 995 796 1063 prorogata.

358 1088 436 1148 Item
469 1086 629 1167 Georgius
660 1102 769 1148 contra
794 1086 956 1148 Thomam
987 1108 1139 1169 magnum
1172 1088 1276 1170 primo
1307 1088 1420 1150 citatus
1451 1108 1515 1150 non

254 1195 443 1276 comparuit.
1238 1177 1241 1184 Δ

358 1300 434 1359 Item
453 1300 528 1359 Iuan
548 1299 740 1378 cirologicus
757 1313 866 1360 contra
881 1300 990 1360 Rados
1000 1301 1104 1381 primo
1121 1300 1307 1361 citatusnon
1326 1300 1514 1382 comparuit.

359 1407 437 1467 Item
462 1406 569 1466 Petres
602 1404 741 1466 carnifex
772 1406 812 1466 ad
837 1419 909 1467 octo
942 1406 1010 1467 dies
1041 1407 1161 1487 recepit
1192 1407 1365 1467 terminum
1397 1406 1437 1467 ad
1468 1426 1515 1467 re-

253 1512 489 1594 spondendum.

359 1618 435 1680 Item
447 1619 485 1678 N.
496 1617 580 1678 filius
594 1618 718 1679 Ztoiani
733 1632 841 1679 contra
850 1619 964 1679 Petren
973 1618 1115 1679 secundo
1125 1619 1238 1679 citatus
1247 1637 1313 1679 non
1325 1618 1514 1700 comparuit.

358 1726 436 1786 Item
461 1723 620 1804 Georgius
644 1726 759 1785 marisa
789 1738 897 1785 contra
929 1724 1083 1784 Iacobum
1109 1724 1237 1784 Zirotka
1269 1723 1374 1804 primo
1402 1723 1515 1785 citatus

252 1850 317 1891 non
342 1830 530 1912 comparuit.

359 1936 437 1998 Item
462 1936 600 1995 Iacobus
624 1934 708 1996 filius
726 1934 936 2016 Pinthikachy
961 1949 1070 1996 contra
1088 1933 1127 1995 G.
1152 1934 1293 1997 secundo
1318 1935 1431 1996 citatus
1447 1954 1512 1995 non

254 2043 442 2124 comparuit.

356 2148 435 2209 Item
459 2148 555 2208 Iuana
580 2160 689 2208 contra
715 2147 857 2208 Katriam
887 2147 991 2228 primo
1016 2147 1109 2209 citata
1134 2167 1199 2209 non
1225 2148 1414 2229 comparuit.

356 2254 433 2314 Item
458 2252 598 2314 Bedicha
623 2267 731 2313 contra
758 2254 833 2314 KseI
858 2254 961 2334 primo
986 2254 1098 2314 citatus
1127 2273 1192 2314 non
1217 2253 1406 2334 comparuit.

356 2359 435 2420 Item
460 2358 553 2419 luech
571 2358 674 2419 dictus
691 2359 790 2419 Piuka
815 2372 923 2420 contra
942 2361 980 2421 N.
997 2359 1100 2441 primo
1118 2360 1230 2420 citatus
1243 2378 1308 2419 non
1322 2359 1510 2439 comparuit.

357 2465 435 2526 Item
461 2464 562 2525 Katha
589 2484 668 2526 uxor
692 2465 858 2526 Michaelis
882 2465 961 2526 dixit
991 2465 1078 2546 quod
1104 2465 1247 2547 quodam
1271 2465 1394 2526 monile
1417 2484 1512 2526 suum

252 2573 490 2654 inpignoratam
527 2572 704 2633 contineret
729 2573 761 2632 in
785 2592 818 2632 se
846 2571 957 2632 decem
981 2591 1054 2632 cunr
1075 2572 1183 2632 medio
1207 2572 1353 2652 pondera
1379 2572 1512 2652 argenti,

249 2692 279 2739 et
301 2678 441 2739 totaliter
465 2678 584 2738 valeret
608 2678 783 2759 nonaginta
807 2691 868 2738 tres
893 2691 923 2737 et
947 2677 1090 2737 medium
1115 2677 1273 2741 denarios

353 2784 432 2844 Item
458 2784 533 2843 KseI
558 2798 667 2845 contra
693 2784 867 2864 Symonem
893 2783 996 2863 primo
1021 2783 1134 2844 citatus
1166 2802 1230 2844 non
1255 2783 1444 2864 comparuit.

354 2890 432 2950 Item
457 2909 550 2950 causa
575 2909 637 2969 que
661 2890 793 2950 vertitur
817 2889 898 2949 inter
923 2889 1008 2949 Mike
1041 2903 1071 2948 et
1095 2890 1176 2949 Zore
1201 2888 1241 2949 ad
1265 2889 1405 2969 primum
1428 2887 1509 2968 judi·

250 2996 335 3056 cium
360 2996 514 3056 adventus
532 2996 612 3056 Zore
629 3008 675 3055 est
698 3007 867 3076 prorogata
885 2994 937 3071 ita,
961 2995 1048 3074 quod
1066 2995 1221 3055 ambabus
1244 2994 1388 3075 partibus
1405 2993 1509 3054 notifi-

252 3101 375 3162 cabitur
399 3101 522 3162 iusticie
547 3119 667 3182 parere.

354 3207 433 3267 Item
458 3207 629 3284 Iohannes,
654 3207 756 3268 dictus
779 3208 937 3285 sacerdos,
954 3222 1063 3269 contra
1086 3207 1253 3268 dominam
1284 3207 1428 3268 relictam
1453 3204 1510 3268 Gi-

249 3312 344 3373 Iionis
368 3332 468 3393 usque
493 3326 641 3374 octavum
666 3313 750 3374 diem
776 3334 865 3374 suam
890 3328 1016 3375 tenetur
1040 3313 1170 3374 recitare
1195 3314 1403 3374 voluntatem.

354 3420 432 3480 Item
457 3420 481 3479 si
507 3419 637 3479 domina
658 3420 763 3480 relicta
783 3419 905 3480 I'auleti
927 3439 998 3479 cum
1017 3419 1124 3479 Petres
1148 3418 1294 3480 carnifice
1318 3439 1419 3501 usque
1435 3433 1509 3481 octo

248 3523 316 3584 dies
351 3537 480 3606 propter
515 3525 656 3604 quodam
693 3525 917 3585 concambium
953 3524 1217 3602 concordabitur,
1253 3527 1333 3585 bene
1366 3524 1509 3604 quidem,

249 3630 394 3710 alioquin
420 3630 543 3690 iusticia
568 3629 620 3691 fiet
646 3630 726 3690 inter
751 3650 816 3691 eos.

287 3848 381 3934 Nota,
410 3850 496 3937 quod
527 3851 633 3920 tercia
660 3849 746 3920 IerIa
774 3852 930 3937 proxima
957 3856 1034 3938 post
1060 3856 1199 3921 octavas
1228 3851 1317 3921 beati
1345 3850 1463 3939 Jacobi

800 3973 954 4062 apostoli.

774 4126 817 4199 (2.
840 4128 979 4201 augusta).

354 4264 461 4324 Primo
485 4263 606 4324 Videch
632 4278 741 4324 contra
759 4264 952 4344 Gregorium
969 4265 1074 4346 primo
1100 4266 1212 4326 citatus
1234 4286 1300 4326 non
1318 4237 1514 4347 comparuit.⁸

352 4369 430 4429 Item
456 4367 592 4429 Michael
618 4369 772 4430 VaIterini
799 4384 829 4430 et
852 4371 1005 4431 Arnoltus
1023 4370 1165 4432 Gracioli
1191 4386 1299 4434 contra
1324 4373 1434 4433 Vitum
1459 4393 1506 4435 se·

247 4473 352 4535 cundo
377 4475 465 4535 citati
490 4494 554 4535 non
579 4490 836 4556 comparuerunt.

352 4580 428 4640 Item
455 4580 598 4642 Francha
622 4595 730 4641 contra
750 4583 891 4643 Marcum
917 4583 1021 4664 primo
1044 4583 1156 4644 citatus
1181 4603 1245 4645 non
1270 4585 1458 4666 comparuit.

352 4685 430 4747 Item
455 4686 565 4746 Petrus
590 4686 685 4748 frater
717 4687 791 4747 Jaxe
816 4708 833 4748 a
856 4689 993 4770 presenti
1027 4689 1147 4750 iudicio
1172 4691 1270 4751 tercio
1303 4690 1354 4753 die
1379 4705 1504 4753 tenetur

248 4787 321 4849 dare
341 4790 452 4851 Marko
469 4791 608 4853 Boniolo
625 4794 780 4853 ducentos
804 4794 872 4855 flor.
897 4795 964 4855 auri
981 4815 1039 4875 pro
1058 4793 1159 4856 fundo
1184 4797 1270 4857 curie
1295 4797 1425 4858 vendite
1449 4817 1505 4879 per
