3488 5250
620 337 707 394 Anno
729 348 817 413 1355.
842 371 884 380 -
908 352 961 397 20.
985 339 1099 399 martti.

342 544 419 607 Item
445 565 539 608 causa
563 546 685 607 Mareni
711 559 742 607 et
765 546 884 608 Emrici
913 545 1066 608 carnificis
1099 547 1138 609 ad
1164 546 1274 609 feriam
1299 549 1430 610 terciam
1455 563 1502 611 est

238 665 422 733 prorogata.

424 849 523 923 Feria
550 862 649 924 sexta
678 855 832 942 proxima
860 861 939 924 ante
968 854 1168 925 dominicam
1195 854 1326 943 Jndica.
1415 934 1418 940 .

763 988 827 1062 (20.
850 987 974 1062 martir).

345 1144 422 1205 Item
449 1144 494 1205 St.
511 1144 620 1205 statuit
635 1144 856 1206 testimonium
873 1158 904 1205 et
919 1144 1067 1225 probavit
1084 1161 1193 1206 contra
1211 1143 1389 1225 Georgium
1407 1165 1502 1227 super

238 1249 323 1312 facto
347 1250 494 1331 potencie
519 1250 551 1310 In
575 1250 824 1331 possessionaria
848 1250 1012 1331 porcione.

344 1355 422 1416 Item
447 1375 540 1416 causa
566 1354 605 1417 G.
629 1354 687 1416 filii
713 1355 790 1416 Suik
822 1368 931 1417 contra
955 1356 1059 1417 Eliam
1083 1355 1123 1417 ad
1155 1355 1348 1437 peticionem
1372 1356 1501 1416 testium

238 1461 280 1522 ad
305 1460 392 1522 diem
415 1474 564 1521 octavum
590 1474 637 1521 est
660 1474 830 1542 prorogata
855 1460 895 1521 ad
921 1480 1042 1542 pacem.

345 1565 424 1626 Item
449 1566 604 1626 Martinus
635 1579 743 1627 contra
777 1566 941 1626 Emricum
974 1565 1155 1627 carnificem
1187 1566 1238 1628 die
1263 1579 1376 1628 octavo
1408 1564 1503 1626 debet

238 1672 445 1753 respondere.
563 1668 567 1676 ’
742 1677 746 1684 ’

344 1776 422 1838 Item
438 1777 524 1838 Elias
547 1777 579 1837 in
604 1796 663 1838 suo
682 1777 832 1856 adventu,
850 1777 935 1838 Iwan
952 1777 1169 1839 mensurando
1185 1799 1250 1856 vas,
1268 1774 1363 1839 debet
1376 1777 1502 1839 residua

237 1882 363 1943 solvere
388 1896 418 1943 et
442 1882 545 1963 jurare
569 1902 664 1964 super
688 1882 768 1943 duas
790 1902 915 1963 pensas.

344 1989 421 2049 Item
447 1988 613 2049 Farcasius
636 2003 745 2049 contra
768 1987 957 2051 Michaelem
975 2002 1117 2050 sutorem
1141 1989 1284 2050 secundo
1309 1990 1421 2051 citatus
1437 2009 1503 2051 non

238 2095 431 2178 comparuit.
987 2104 990 2111 '

345 2200 423 2262 Item
448 2199 575 2261 Kusech
599 2219 700 2280 usqne
723 2198 810 2260 diem
828 2213 977 2261 octavum
1001 2200 1096 2261 debet
1112 2199 1276 2281 acquirere
1301 2200 1440 2282 cyphum
1463 2201 1503 2262 N.

239 2306 396 2383 Pezdech‚
429 2306 455 2367 si
488 2306 630 2367 invenire
654 2306 789 2387 poterit,
820 2306 845 2366 si
877 2306 1019 2366 Invenire
1051 2326 1116 2367 non
1148 2306 1281 2386 poterit,
1306 2319 1420 2366 extunc
1451 2306 1504 2367 die

237 2426 354 2473 octavo
378 2411 664 2472 determinabimus
687 2410 766 2490 quid
791 2411 963 2493 expediens
988 2410 1091 2474 fuerit.

346 2516 423 2577 Item
447 2517 483 2579 P.
505 2516 590 2578 filius
614 2515 688 2578 God
713 2516 764 2577 die
789 2528 903 2578 octavo
928 2532 1037 2578 contra
1062 2517 1152 2578 Mark
1175 2516 1271 2577 debet
1299 2517 1501 2598 respondere.
1546 2558 1547 2562 ,

345 2621 425 2685 Item
450 2623 624 2683 Markettus
646 2621 698 2682 die
722 2638 836 2683 octavo
861 2621 956 2683 debet
977 2622 1138 2703 deponere
1163 2622 1378 2702 juramentum
1395 2637 1504 2683 contra

239 2726 419 2808 Georgium
443 2729 640 2790 sacerdotem
665 2728 705 2789 de
730 2728 906 2789 Kranesina
934 2742 1000 2789 met
1023 2728 1177 2809 septimus
1200 2746 1295 2808 super
1319 2726 1402 2788 facto
1419 2726 1505 2788 furtu
1582 2762 1585 2768 -

238 2836 295 2897 tali
320 2836 430 2914 modo,
455 2835 543 2917 quod
568 2837 634 2917 ipse
660 2835 801 2896 indicto
831 2833 916 2896 furtu
949 2835 1032 2895 dicte
1062 2833 1194 2896 ecclesie
1224 2847 1271 2894 est
1293 2834 1447 2894 innocens
1472 2849 1503 2894 et

241 2941 406 3019 immunis,
431 2962 489 3003 nec
513 2941 623 3002 furem'
639 2940 777 3022 expedit.
802 2941 879 3001 Item
910 2940 1049 3001 secunda
1074 2940 1141 2999 vice
1172 2939 1259 2999 solus
1283 2938 1378 3000 debet
1402 2939 1504 3019 jurare

241 3066 339 3128 super
362 3048 469 3128 preci0
493 3046 598 3123 calcis,
622 3061 744 3126 quanto
767 3046 875 3127 precio
900 3044 1035 3106 eandem
1060 3044 1266 3125 comparavit.

349 3170 425 3233 Item
452 3169 526 3232 Otel
551 3170 646 3230 debet
669 3168 721 3229 die
746 3182 859 3230 octavo
876 3168 1037 3249 deponere
1055 3168 1270 3248 juramentum
1296 3180 1361 3227 met
1384 3166 1500 3227 tercius

243 3291 355 3336 contra
379 3294 512 3337 uxorem
536 3275 672 3335 Anslini.

347 3381 426 3442 Item
457 3380 601 3442 Andreas
629 3399 801 3460 germanus
831 3378 955 3440 domini
989 3376 1100 3439 Gerini
1132 3390 1241 3438 contra
1272 3376 1418 3438 Pendech
1453 3377 1504 3437 die

237 3503 357 3548 octavo
382 3485 478 3547 debet
500 3485 703 3566 respondere.

347 3587 1506 3670 ItemPaulusBobeckcontraDemetriumprImocitatusnoncomparuit.

347 3697 425 3758 Item
449 3696 593 3777 Philipus
617 3709 726 3756 contra
750 3695 868 3756 chhk
891 3695 996 3776 primo
1020 3695 1132 3755 citatus
1157 3713 1221 3754 non
1247 3693 1434 3774 comparuit.

347 3821 424 3881 Item
450 3820 625 3896 Furcasius,
642 3818 780 3880 famulus
798 3819 822 3879 F
826 3818 952 3895 ranche,
977 3818 1029 3878 die
1046 3831 1159 3878 octavo
1174 3816 1269 3877 debet
1279 3816 1500 3876 testImonium

241 3925 418 4007 producere
453 3944 526 3985 cum
551 3925 677 3985 Kusech
702 3938 733 3984 et
762 3925 847 3985 Iwan
878 3924 1025 3984 sellatore
1057 3943 1151 4004 super
1183 3920 1266 3982 facto
1290 3920 1505 4002 percussionis

240 4041 360 4092 contra
376 4031 540 4092 Martonos
563 4030 756 4092 sellatorem.

348 4137 425 4197 Item
450 4137 614 4197 Mortonos
644 4136 773 4198 sellator
797 4135 848 4197 die
878 4149 992 4196 octavo
1017 4134 1112 4195 debet
1142 4132 1363 4194 testImonium
1387 4130 1506 4212 produ-

241 4261 312 4303 cere
338 4255 445 4303 contra
471 4242 756 4303 Furcasiumcum
786 4241 914 4303 Andrea
949 4240 1120 4319 frenatore,
1144 4240 1251 4300 Paulis
1282 4239 1449 4319 occupario
1474 4252 1505 4298 et

243 4349 340 4409 Iunas
363 4367 457 4428 super
482 4347 564 4408 iacto
589 4346 752 4409 effusionis
775 4349 948 4428 sanguInis.

348 4454 426 4515 Item
459 4454 599 4515 Brumen
635 4454 686 4515 die
723 4467 836 4516 octavo
872 4454 968 4515 debet
1002 4453 1163 4534 deponere
1196 4451 1411 4533 juramentum
1443 4463 1509 4513 met

241 4572 375 4640 quartus
398 4572 508 4620 contra
532 4559 712 4621 Marketum
736 4579 832 4641 super
856 4557 940 4621 facto
969 4558 1185 4640 quorumdam
1209 4557 1506 4617 instrumentorum.

348 4664 427 4725 Item
451 4684 545 4726 causa
569 4665 714 4727 eiusdem
738 4667 782 4727 M.
806 4679 837 4727 et
866 4664 1010 4727 Franche
1042 4683 1143 4745 usque
1176 4662 1288 4724 feriam
1311 4662 1441 4722 terciam
1466 4661 1507 4722 ad

241 4768 450 4831 concordiam
475 4783 522 4832 est
543 4785 714 4853 prorogata
738 4770 764 4833 si
788 4769 855 4832 fieri
880 4770 997 4853 poterit
1021 4771 1104 4832 inter
1126 4783 1241 4851 partes.
