3488 5250
244 341 306 385 200
612 317 810 398 Anno1361.
836 353 876 362 -
901 333 956 398 29.
972 317 1126 395 J'crnuorir'.

348 533 425 595 Item
450 532 606 594 Martinus
630 530 715 592 filius
739 531 907 613 Wlkouoy
930 543 1057 591 tenetur
1073 529 1147 590 dare
1166 527 1337 591 Chorncch
1362 527 1402 588 de
1427 529 1507 589 Kra-

243 637 336 699 leuch
360 635 401 698 VI
426 637 561 699 cubulos
585 635 746 699 frumenti.

349 743 427 805 Item
453 743 610 805 Martinus
633 756 721 803 sutor
737 755 847 803 contra
873 741 1105 822 Margaretham
1125 739 1353 801 Brodaricham
1376 739 1416 801 ad
1433 752 1507 802 octo

243 849 312 910 dies
334 850 454 932 recepit
475 849 650 911 terminum
673 847 714 909 ad
738 847 1020 929 respondendum.

349 972 425 1033 ltem
452 972 560 1034 Petres
582 969 733 1050 carnifex,
756 972 908 1049 Abraam,
926 971 1108 1032 Demetrius
1129 985 1160 1032 et
1174 972 1341 1032 Mortonos
1364 969 1506 1049 sellator,

242 1076 456 1155 fideiussores,
479 1077 577 1139 tercia
600 1076 678 1139 feria
709 1096 794 1138 nunc
823 1090 955 1138 ventura
981 1089 1090 1138 contra
1122 1075 1311 1157 jobagiones
1335 1075 1419 1137 Petri
1444 1073 1501 1137 filii

244 1183 362 1245 Donati
386 1197 537 1245 tenentur
560 1196 615 1244 aut
631 1196 768 1244 statuere
785 1179 869 1243 filios
886 1182 1008 1243 Mareni
1022 1201 1095 1243 cum
1113 1182 1256 1264 ipsorum
1281 1181 1507 1263 jobagionibus

243 1288 295 1351 vel
319 1288 514 1370 respondere
537 1307 596 1370 pro
621 1287 754 1349 eisdem.

349 1395 428 1456 Item
454 1394 542 1476 Pyna
566 1408 675 1455 contra
701 1393 880 1455 Jnhannem
905 1393 1009 1474 primo
1034 1393 1126 1454 citata
1151 1412 1216 1454 non
1241 1392 1430 1473 comparuit.

349 1500 426 1562 Item
464 1499 587 1561 Blasius
611 1500 813 1561 Bremennalr
848 1510 957 1559 contra
984 1497 1114 1581 Gyuren
1154 1499 1259 1579 primo
1295 1499 1408 1559 citatus
1441 1517 1506 1559 non

246 1606 435 1687 comparuit.
1529 1584 1531 1589 ⁵

348 1711 427 1772 Item
452 1710 617 1772 Janzlinus
642 1709 837 1792 Krupichich
861 1710 1026 1772 convictus
1050 1722 1096 1771 est
1119 1722 1228 1771 contra
1255 1708 1450 1789 Gregorium
1474 1708 1507 1769 in

246 1815 371 1877 duabus
395 1816 509 1878 marcis
533 1829 562 1877 et
586 1815 683 1897 judici
708 1817 740 1877 in
764 1795 871 1878 media
896 1834 995 1897 usque
1026 1815 1207 1896 quindenas
1230 1815 1402 1876 soluturus.

340 1939 428 2000 'Item
454 1938 600 2000 Donatus
624 1953 654 2000 et
680 1939 724 2000 St.
749 1937 842 2020 jurati
867 1958 925 2000 nec
950 1958 1015 2000 non
1032 1952 1064 2001 et
1083 1939 1240 2001 Barchius
1263 1952 1358 2000 testes
1382 1958 1438 2020 per
1454 1939 1508 2000 Jo-

244 2042 383 2105 hannem
422 2044 631 2126 vicejudicem
664 2058 774 2106 contra
808 2044 997 2106 Cusilonem
1029 2043 1188 2126 producti,
1219 2044 1373 2125 requisiti,
1405 2044 1510 2105 taliter

246 2150 419 2212 extiterunt
442 2149 609 2230 testificati,
639 2150 728 2233 quod
760 2149 837 2212 dum
871 2151 1003 2231 quidam
1036 2149 1175 2212 famulus
1206 2151 1306 2232 ipsius
1330 2149 1510 2212 Cussilonis

247 2271 357 2318 contra
383 2258 551 2318 Mortonos
573 2256 651 2318 Zedi
676 2256 804 2317 racione
828 2269 914 2316 mote
947 2255 1113 2317 cuiusdam
1138 2275 1231 2318 cause
1255 2256 1403 2337 primitus
1428 2256 1509 2318 inter

246 2362 332 2444 ipsos
355 2362 475 2441 sedate,
492 2362 657 2443 judiciarie
675 2362 705 2423 in
724 2361 835 2422 decem
853 2361 967 2422 marcis
983 2361 1069 2423 iuxta
1090 2362 1251 2444 propriam
1269 2362 1507 2443 obligacionem

245 2467 394 2530 videlicet
418 2481 527 2529 contra
551 2480 673 2549 partem
697 2465 864 2528 adversam
896 2466 929 2526 in
953 2467 1096 2547 quinque
1121 2479 1151 2527 et
1175 2480 1285 2529 contra
1308 2465 1449 2546 judicem
1473 2466 1507 2527 in

246 2574 592 2665 quinque,·agravatus
615 2573 777 2651 extitisset,
802 2571 888 2633 idem
907 2570 1019 2633 Cusilo
1043 2584 1109 2634 tam
1126 2573 1185 2654 ipsi
1202 2572 1384 2634 adversario
1411 2591 1507 2653 quam

245 2679 342 2761 judici
367 2699 425 2761 pro
449 2680 519 2761 ipso
543 2678 665 2740 famulo
688 2697 747 2739 suo
769 2677 998 2739 fideiubuisset.

352 2798 429 2864 ltem
454 2822 548 2864 causa
573 2800 708 2884 Mykech
741 2799 876 2883 Kaplich
901 2815 932 2862 et
963 2800 1129 2862 cuiusdam
1161 2802 1251 2883 pueri
1276 2801 1316 2862 ad
1341 2815 1414 2862 octo
1439 2801 1509 2863 dies

251 2922 297 2969 est
320 2921 500 2990 prorogata.

351 3014 430 3075 ltem
453 3014 493 3075 N.
518 3012 638 3088 juratus
662 3024 771 3074 contra
788 3012 918 3074 Petrum
942 3013 981 3073 ad
1007 3025 1080 3073 octo
1098 3012 1165 3074 dies
1189 3013 1308 3094 recepit
1332 3013 1507 3075 terminum

248 3118 288 3180 ad
312 3118 584 3200 respondendum.

291 3358 385 3442 Nota,
414 3358 500 3447 quor
529 3357 614 3429 leria
641 3365 740 3428 sexta
767 3359 922 3446 proxima
955 3367 1032 3428 ante
1060 3357 1182 3428 festum
1212 3355 1465 3428 Purificacionis

713 3482 856 3568 virginis
888 3479 1043 3568 gloriose.

755 3657 818 3724 (29.
835 3650 998 3724 januarii).

354 3806 463 3867 Primo
476 3804 693 3887 principaliter
710 3805 843 3866 domum
859 3804 986 3866 Andree
1004 3804 1096 3882 labri,
1113 3806 1145 3866 in
1163 3805 1234 3867 vico
1252 3803 1509 3865 Teutonicorum

250 3912 448 3987 existentem,
472 3929 528 3991 per
552 3909 716 3971 Donatum
741 3910 786 3971 St.
810 3923 841 3971 et
865 3911 1008 3971 Marcum
1031 3909 1150 3990 juratos
1181 3909 1350 3972 statuimus
1373 3908 1509 3970 Nicolao

247 4016 330 4079 ruffo
353 4035 411 4099 pro
435 4014 554 4096 judicio
578 4034 644 4097 quo
669 4028 835 4096 agravatus
870 4015 972 4076 extitit
1007 4029 1116 4076 contra
1141 4015 1291 4094 eundem,
1324 4015 1508 4077 vendicioni

198 4196 201 4200 ⁴
249 4122 483 4205 exponendam.

353 4244 431 4305 ltem
455 4263 547 4305 causa
572 4242 751 4306 Cussilonis
774 4245 889 4306 sutoris
913 4245 953 4305 ad
978 4243 1152 4306 adventurn
1169 4245 1246 4306 luan
1263 4244 1377 4325 judicis
1400 4244 1433 4305 in
1450 4243 1509 4304 Za·

247 4349 391 4431 grabiam
414 4349 519 4410 taliter
535 4363 581 4410 est
607 4363 788 4431 prorogata,
812 4351 900 4431 quod
928 4351 953 4411 si
978 4351 1045 4432 ipse
1073 4350 1150 4411 luan
1167 4349 1263 4431 judex
1287 4350 1510 4412 attestaciones

157 4541 159 4547 Ι
247 4456 377 4518 testium
401 4468 680 4537 supranotatorum
706 4455 908 4517 confirmabit
932 4470 963 4518 et
983 4455 1136 4538 judicium
1163 4457 1307 4537 quinque
1332 4473 1510 4517 marcarum

249 4561 289 4623 de
313 4560 380 4640 jure
404 4560 466 4623 sibi
490 4560 650 4623 videbitur
672 4560 712 4623 de
736 4561 805 4643 ipso
837 4560 1008 4624 Cussilone
1040 4561 1271 4643 recipiendum,
1301 4560 1408 4622 nullus
1432 4560 1512 4621 alter

172 4710 175 4715 -
248 4679 454 4749 preterquam
478 4665 545 4748 ipse
570 4666 646 4728 luan
671 4665 768 4747 judex
791 4665 957 4747 judiciaria
980 4667 1167 4729 auctoritate
1191 4666 1366 4750 recipiendi
1391 4667 1511 4746 absque

250 4769 469 4851 quorumlibet
493 4770 749 4833 contradiccione
773 4771 904 4835 habebit
926 4771 1120 4836 facultatem.
1378 4768 1381 4776 ’
