3488 5250
745 318 831 375 Anno
854 315 945 394 1356.
972 351 1012 360 -
1036 330 1086 391 19.
1103 318 1190 393 julii.

438 530 516 590 Item
541 527 666 590 Ferlich
691 542 800 589 contra
824 527 945 610 Wythe
969 541 1123 589 sartorem
1148 538 1261 589 octavo
1286 526 1337 586 die
1360 538 1487 587 tenetur
1510 525 1597 586 testi·

336 635 484 697 monium
502 634 678 716 producere
693 653 749 715 per
765 634 920 695 iacobum
938 633 1063 711 Pzicha,
1080 631 1238 694 famulum
1253 631 1383 694 Henrici
1396 643 1426 692 et
1443 628 1597 692 famulam

335 742 404 803 eius
427 760 522 821 super
545 740 741 801 verberibus.

395 974 491 1047 FerIa
519 976 626 1047 tercirr
655 976 809 1063 proxima
837 982 913 1063 post
945 974 1068 1046 festum
1097 976 1274 1045 divisionis
1303 974 1543 1063 apostolorum.

873 1127 936 1201 (19.
953 1127 1047 1202 julii).

438 1284 548 1344 Primo
572 1282 709 1344 Mathias
733 1296 842 1344 contra
866 1283 981 1363 Artuig
1005 1283 1109 1364 primo
1134 1283 1247 1344 citatus
1271 1302 1336 1344 non
1361 1282 1550 1364 comparuit.

438 1388 517 1450 Item
543 1387 705 1449 Johannes
734 1389 872 1471 piscator
903 1403 1017 1450 octavo
1050 1389 1101 1450 die
1134 1402 1243 1450 contra
1269 1388 1398 1471 Endrey
1426 1387 1597 1470 assumpsit

331 1494 553 1557 testimonium
579 1494 755 1574 producere
779 1513 836 1575 per
852 1493 1032 1555 Fabianum
1056 1508 1087 1554 et
1104 1494 1246 1556 Blasium
1269 1514 1304 1555 ac
1329 1494 1485 1555 Jacobum
1502 1512 1598 1576 super

332 1600 417 1664 iacto
440 1602 619 1664 verberum.

438 1727 515 1788 Itern
540 1725 579 1787 N.
612 1738 642 1786 et
674 1723 750 1785 luan
781 1737 892 1786 contra
925 1722 1055 1806 Endrey
1086 1724 1207 1785 dictum
1240 1723 1354 1784 Zuizth
1378 1723 1484 1805 primo
1509 1721 1595 1784 citati

331 1852 397 1894 non
422 1842 679 1912 comparuerunt.

439 1938 517 1999 Item
552 1936 682 2017 Drugen
714 1949 824 1996 contra
855 1934 894 1996 N.
927 1934 1074 1996 Pezdech
1104 1934 1210 2016 prImo
1242 1934 1363 1996 iudicio
1392 1946 1518 1995 tenetur
1547 1952 1595 1994 re-

331 2044 500 2126 spondere.

438 2149 516 2209 Item
540 2147 655 2227 Artuig
679 2160 789 2208 contra
806 2146 986 2208 Iohannem
1008 2145 1110 2207 filium
1135 2145 1297 2208 Christine
1320 2146 1467 2207 similiter
1490 2144 1595 2227 primo

334 2254 455 2316 iudicio
478 2267 606 2315 tenetur
629 2251 832 2333 respondere.

438 2359 517 2421 Item
543 2358 699 2419 Martinus
722 2356 843 2438 juratus
867 2356 1152 2428 debettestificare
1176 2371 1291 2418 octavo
1316 2357 1367 2418 die
1391 2377 1486 2438 super
1510 2355 1594 2418 iacto

331 2465 430 2548 precii
462 2464 577 2524 domus
609 2463 691 2524 inter
722 2463 836 2524 Jakmo
867 2463 1088 2545 apotekarium
1129 2476 1159 2525 et
1190 2463 1230 2524 N.
1262 2462 1522 2523 archidiaconum
1555 2460 1595 2521 de

333 2570 523 2632 Kamarcha.

437 2676 516 2737 Item
541 2676 653 2735 Marko
677 2674 912 2754 Dragozlauich
944 2689 1053 2736 contra
1086 2676 1264 2737 Marketum
1290 2672 1465 2735 Boniolum
1488 2674 1594 2756 primo

332 2782 447 2844 citatus
469 2801 535 2843 non
560 2781 749 2862 comparuit.
1537 2790 1540 2795 “

438 2887 516 2949 Item
542 2886 580 2947 N.
606 2885 704 2958 filius,
722 2886 826 2967 Bolog
857 2900 966 2948 contra
1001 2884 1150 2967 Gungam
1182 2887 1287 2967 prImo
1320 2886 1438 2948 iudicio
1469 2898 1595 2948 tenetur

332 2993 537 3074 respondere.

438 3098 516 3161 Item
551 3096 712 3158 lohannes
744 3095 986 3158 archidiaconus
1018 3097 1057 3157 de
1089 3097 1231 3159 Worosd
1264 3114 1294 3160 et
1326 3099 1467 3160 Briccius
1498 3098 1594 3162 irater

331 3204 476 3267 eiusdem
500 3217 609 3264 contra
624 3203 667 3264 M.
684 3202 849 3282 quondam
866 3201 1005 3282 judicem
1022 3203 1127 3284 prImo
1147 3203 1233 3264 citati
1251 3224 1316 3265 non
1334 3219 1592 3286 comparuerunt.

438 3327 518 3388 Item
543 3326 680 3387 Jacobus
703 3324 834 3404 juratus,
860 3325 963 3387 dictus
988 3327 1073 3405 Kun‚
1098 3326 1130 3386 in
1154 3326 1292 3407 presenti
1317 3325 1438 3388 iudicio
1462 3328 1595 3390 asseruit

320 3410 362 3496 vet
386 3433 534 3514 exposuit
557 3431 645 3513 quod
669 3430 802 3491 Velinus
818 3429 948 3511 pellifex
973 3431 1076 3492 dictus
1092 3432 1193 3493 Zmok
1211 3431 1250 3492 de
1276 3431 1377 3492 fundo
1394 3433 1480 3493 curie
1503 3432 1593 3495 habi·

330 3539 466 3602 tacionis
489 3557 545 3598 sue
569 3536 761 3619 disponendi
779 3535 964 3598 facultatem
989 3557 1054 3597 non
1070 3537 1201 3599 haberet
1225 3557 1283 3598 nec
1309 3537 1448 3599 eundem
1473 3539 1592 3600 donare

331 3665 390 3706 nec
413 3645 551 3705 vendere
575 3659 693 3724 posset,
717 3656 748 3703 et
771 3661 867 3724 super
887 3643 947 3703 hoc
980 3663 1012 3703 se
1037 3642 1153 3704 habere
1187 3644 1313 3705 dicebat
1346 3642 1486 3706 efficacia
1509 3645 1592 3707 litte-
1675 3669 1684 3684 ·

330 3770 437 3812 rarum
471 3751 691 3827 instrumenta,
722 3768 785 3828 que
818 3749 1026 3810 instrumenta
1058 3749 1205 3811 litteralia
1237 3764 1350 3832 sponte
1382 3751 1593 3833 assumpsita

332 3857 382 3917 die
406 3855 561 3937 presentis
583 3854 693 3935 judicii
718 3874 825 3916 coram
849 3855 944 3916 nobis
968 3855 1116 3916 exhibere
1140 3856 1258 3916 XXXII
1284 3856 1346 3917 die.

437 3981 515 4040 Item
539 3978 684 4040 Thomas
708 3979 857 4059 magister
880 3993 990 4040 contra
1009 3979 1242 4060 Margaretham
1265 3980 1460 4042 servitricem
1484 3981 1592 4043 relicte

332 4084 442 4147 Jacobi
468 4085 570 4166 primo
596 4085 708 4146 citatus
733 4104 797 4145 non
822 4086 1011 4165 comparuit.

437 4190 514 4251 Item
541 4190 650 4251 Achka
675 4205 783 4251 contra
802 4190 937 4251 eandem
955 4192 1191 4271 Margaretham
1209 4206 1322 4253 octavo
1347 4191 1399 4253 die
1423 4191 1593 4273 assumpsit

330 4295 550 4357 testimonium
575 4296 751 4376 producere
776 4316 831 4376 per
855 4296 1040 4377 Philippum
1070 4297 1114 4358 St.
1139 4311 1170 4358 et
1194 4298 1279 4358 Mike
1304 4317 1398 4379 super
1415 4297 1589 4377 vituperiis.

439 4418 515 4480 Item
541 4417 667 4479 Cernka
694 4420 800 4480 relicta
818 4418 946 4480 Thorne
971 4434 1079 4483 contra
1097 4420 1242 4482 Radsech
1266 4421 1463 4483 sacerdotem
1486 4420 1592 4502 primo

331 4523 424 4584 citata
448 4544 513 4584 non
538 4525 726 4604 comparuit.
767 4580 770 4586 .

436 4630 514 4691 Item
539 4628 699 4712 Georgius
721 4631 859 4712 piscator
883 4648 992 4693 contra
1017 4633 1174 4694 iacobum
1197 4634 1325 4695 Zirotka
1350 4635 1454 4716 primo
1478 4634 1592 4697 citatus
1667 4671 1669 4674 >

329 4754 394 4797 non
420 4737 610 4819 comparuit.
