3488 5250
600 331 689 391 Anno
712 328 804 408 1362.
827 364 872 375 -
894 346 945 407 29.
969 331 1141 392 novembris.
1435 349 1497 413 247

340 543 418 604 item
443 562 535 605 causa
560 541 624 604 iilis
649 541 775 604 Malech
800 542 934 603 iunioris
951 554 1059 603 contra
1084 542 1245 604 sororium
1267 561 1362 603 suum
1386 555 1433 603 est
1457 541 1498 603 ad

234 649 374 731 primum
400 649 556 711 iudicium
579 662 760 730 prorogata.

337 753 415 816 Item
439 754 515 815 iuan
541 753 682 816 Plauech
709 767 817 815 contra
835 752 938 814 filium
954 751 1110 814 Anthonii
1128 752 1242 833 judicis
1266 752 1370 834 primo
1387 752 1500 814 citatus

235 878 299 921 non
332 859 522 941 comparuit.

339 982 417 1043 Item
442 982 559 1044 Paulus
583 981 725 1044 frenator
750 996 860 1044 contra
884 982 1048 1044 Thomam
1078 980 1270 1043 frenatorem
1293 981 1334 1044 ad
1356 981 1498 1063 primum

234 1087 389 1150 iudicium
415 1088 534 1170 recepit
557 1088 729 1150 terminum
756 1087 796 1148 ad
819 1088 1092 1170 respondendum.

339 1193 418 1255 Item
443 1195 547 1276 primo
570 1193 692 1275 judicio
722 1193 844 1255 Franch
877 1206 987 1255 contra
1019 1193 1161 1254 Baboieb
1186 1213 1242 1275 per
1273 1193 1443 1255 Albertum
1467 1206 1498 1254 et

234 1299 372 1360 Paulum
396 1319 568 1381 preconem
592 1320 687 1382 super
711 1300 877 1382 vituperiis
901 1300 1121 1361 testimonium
1146 1300 1322 1382 producere
1347 1300 1452 1362 debet.

340 1423 418 1486 item
442 1424 548 1506 primo
572 1424 692 1505 judicio
716 1424 862 1485 Andreas
887 1422 975 1486 faber
996 1437 1105 1487 contra
1129 1424 1260 1507 Mathey
1283 1438 1425 1486 sutorem
1441 1444 1498 1506 per

234 1529 435 1612 Mychaelem
460 1531 612 1592 lectorem
638 1544 669 1592 et
693 1530 874 1592 Johannem
890 1530 1074 1592 sellatorem
1097 1530 1318 1591 testimonium
1334 1550 1430 1612 super
1446 1549 1498 1610 e0,

233 1635 321 1717 quod
346 1635 386 1696 ad
410 1636 544 1698 domum
568 1656 657 1698 suam
682 1637 829 1716 venisset,
853 1636 1030 1718 producere
1055 1635 1160 1698 debet.

339 1742 416 1803 Item
450 1743 581 1825 Mykow
614 1755 723 1804 contra
756 1742 891 1804 Paulum
925 1741 1120 1804 frenatorem
1152 1742 1256 1824 primo
1288 1743 1401 1804 citatus
1432 1762 1498 1804 non

234 1847 424 1930 comparuit.

339 1953 416 2015 ltem
441 1954 584 2015 Baboieb
616 1954 656 2015 ad
688 1954 827 2036 primum
860 1954 1014 2034 judicium
1046 1968 1155 2016 contra
1188 1955 1263 2015 luan
1288 1955 1407 2036 recepit
1437 1968 1498 2016 ter·

234 2058 359 2120 minum
384 2060 424 2120 ad
448 2060 722 2142 respondendum.

340 2165 418 2227 Item
443 2185 536 2228 causa
561 2166 691 2229 Thome
714 2166 872 2249 gladipari
897 2181 1007 2228 contra
1038 2167 1148 2251 Woyk
1179 2168 1218 2229 ad
1251 2168 1391 2250 primum
1415 2166 1497 2247 judi-

233 2271 318 2332 cium
344 2271 384 2332 ad
407 2270 537 2334 finalem
562 2273 758 2334 decisionem
783 2286 830 2335 est
854 2287 1034 2355 prorogata.

337 2377 415 2439 item
439 2379 545 2460 primo
568 2377 689 2459 judicio
713 2379 822 2440 Marka
840 2393 950 2440 contra
978 2380 1140 2461 quendam
1158 2378 1339 2441 carnificem
1363 2376 1496 2440 infacto

173 2545 176 2550 ,
235 2481 329 2543 unius
353 2484 503 2545 mensalis
526 2483 653 2565 jurabit.

339 2587 415 2649 Item
442 2589 544 2650 Draxe
569 2590 674 2672 primo
691 2591 804 2652 citatus
832 2605 941 2654 contra
959 2593 998 2653 N.
1016 2592 1211 2654 Jnnuensem
1224 2611 1289 2653 nou
1307 2591 1496 2673 comparuit.

339 2712 417 2774 Item
442 2714 546 2795 primo
582 2713 701 2775 iudicio
733 2734 813 2776 uxor
844 2716 974 2778 Martini
1007 2736 1136 2778 mosnar
1168 2731 1278 2779 contra
1310 2715 1417 2777 Endre
1441 2735 1497 2798 per

233 2815 310 2878 luan
328 2816 569 2881 Obramkouich
595 2832 625 2881 et
642 2818 765 2899 Cusilo,
790 2822 973 2903 proximum
996 2822 1094 2901 lssou,
1110 2842 1206 2905 super
1229 2822 1394 2904 vituperiis
1410 2822 1496 2884 testi-

234 2923 379 2984 monium
405 2925 569 3006 producet.

339 3028 416 3091 Item
441 3030 534 3091 Voda
552 3031 597 3094 St.
615 3047 724 3094 contra
742 3033 918 3116 Symonem
936 3035 1078 3095 secundo
1095 3035 1208 3096 citatus
1224 3054 1290 3095 nou
1307 3034 1496 3114 comparuit,

338 3135 416 3196 ltem
440 3137 545 3218 primo
569 3137 689 3199 iudicio
715 3139 912 3222 Dampianus
936 3153 1024 3201 sutor
1048 3153 1158 3201 contra
1176 3139 1299 3202 Henrih
1324 3138 1496 3221 pellificem

232 3260 287 3322 per
311 3242 486 3303 Martinum
512 3244 635 3325 Reyniz
659 3258 690 3306 et
714 3245 740 3308 J.
765 3245 942 3307 Barbacum
968 3246 1189 3307 testimonium
1212 3264 1307 3328 super
1331 3244 1497 3326 vituperiis

232 3347 397 3428 producet.

337 3453 415 3515 Item
441 3454 548 3516 relicta
574 3456 711 3518 Zelezen
736 3468 846 3517 contra
878 3476 1035 3537 generum
1066 3476 1160 3518 suum
1184 3456 1224 3517 ad
1249 3456 1388 3538 primum
1414 3456 1496 3517 iudi-

232 3559 317 3621 cium
341 3561 462 3642 recepit
485 3561 660 3624 terminum
685 3562 725 3623 ad
750 3562 1022 3644 respondendum.

337 3665 415 3727 Item
449 3667 560 3728 Petrus
591 3668 692 3749 Zyma
724 3681 834 3730 contra
865 3668 942 3729 iuan
975 3667 1114 3747 judicem
1146 3667 1251 3749 primo
1284 3668 1397 3729 citatus
1430 3687 1496 3729 non

232 3772 421 3852 comparuit.

336 3876 415 3938 item
439 3878 513 3940 licet
537 3879 603 3940 Juri
629 3879 832 3962 Merclynum
855 3879 991 3957 citasset‚
1015 3891 1121 3939 tamen
1146 3897 1211 3939 non
1235 3872 1340 3939 venit'

338 4000 417 4061 ltem
441 4002 546 4083 primo
563 4001 684 4064 iudicio
701 4002 812 4064 Petrus
829 4022 884 4084 per
901 4001 1093 4064 Budizlaum
1118 4015 1149 4063 et
1174 4001 1368 4082 Gregorium
1386 4014 1496 4062 contra

232 4105 396 4187 quendam
419 4106 600 4190 piliatorem
625 4128 720 4190 super
744 4108 909 4190 vituperiis
932 4108 1154 4170 testimonium
1179 4107 1344 4189 producet.

337 4211 414 4273 Item
440 4211 585 4275 Cernech
610 4227 719 4276 contra
744 4215 822 4277 Petit
847 4215 951 4295 primo
984 4214 1097 4277 citatus
1121 4233 1186 4275 non
1211 4214 1401 4296 comparuit.

339 4336 417 4398 Item
442 4335 519 4398 feria
550 4352 638 4400 sexta
671 4339 715 4401 St.
748 4339 913 4401 Lourandi
946 4353 1056 4400 contra
1081 4339 1125 4400 M.
1157 4338 1298 4418 judicem
1321 4357 1354 4398 se
1379 4335 1497 4399 tercius

233 4440 360 4522 jurabit,
385 4442 474 4523 quod
498 4442 539 4505 ad
563 4443 698 4505 domum
729 4464 819 4506 suam
851 4445 1019 4506 temerarie
1050 4463 1117 4506 non
1150 4445 1247 4524 venit,
1275 4457 1306 4505 et
1331 4443 1398 4525 ipsa
1422 4461 1497 4503 con·

233 4545 341 4626 fracta,
366 4547 533 4610 hominem
557 4569 651 4611 suum
676 4569 741 4612 non
766 4551 945 4613 verberavit
969 4551 999 4611 in
1026 4551 1150 4612 eadem.

337 4672 413 4734 Item
440 4671 601 4734 Johannes
627 4672 788 4736 Vidonich
813 4674 918 4756 primo
942 4674 1056 4736 citatus
1079 4689 1189 4737 contra
1215 4671 1409 4756 Gregorium
1431 4691 1497 4734 non

232 4780 422 4864 comparuit.
