3488 5250
538 1412 685 1508 (Anno
716 1411 896 1504 Domini
924 1410 1168 1517 MCCCLIX.)

222 1729 329 1821 Nota,
359 1731 452 1830 quod
482 1754 576 1807 anno
605 1733 737 1809 domini
767 1733 932 1811 MCCCL
970 1759 1078 1828 nono,
1106 1744 1271 1837 tempore
1300 1737 1482 1836 judicatus

224 1854 286 1928 viri
316 1855 453 1953 providi
482 1855 741 1933 dominipetri
780 1857 838 1933 filii
868 1858 1014 1958 Ligerii,
1037 1859 1168 1958 judicis
1207 1861 1362 1937 civitatis
1392 1860 1481 1937 Gre-

222 1977 373 2068 chensiS,
412 1979 502 2055 feria
540 1989 644 2056 sexta
681 1983 843 2081 proxima
879 1991 965 2082 post
1001 1982 1133 2059 festum
1175 1985 1273 2060 beati
1301 1983 1482 2061 Valentini

221 2103 374 2177 martiris
404 2127 494 2180 nunc
531 2107 740 2204 preteritum
769 2114 896 2182 notate
924 2116 1007 2183 sunt
1044 2108 1212 2183 acciones
1242 2110 1481 2185 causancium.

728 2288 787 2360 (15.
803 2285 973 2362 februan'r).

326 2437 435 2499 Primo
468 2439 596 2521 Drugen
629 2442 725 2502 tercia
758 2440 834 2503 feria
859 2462 944 2503 nunc
969 2443 1118 2525 preterita
1138 2457 1247 2504 contra
1273 2442 1482 2505 Benedictum

221 2541 260 2603 de
286 2544 477 2625 Kaproncha
501 2546 714 2626 juramentum
740 2548 902 2631 deponere
927 2550 1105 2627 tenebatur,
1133 2549 1172 2610 ad
1197 2549 1288 2610 cuius
1311 2549 1482 2628 juramenti

220 2648 462 2730 deposicionem
486 2673 551 2714 non
585 2655 673 2716 venit
705 2674 762 2716 nec
796 2655 892 2734 misit,
930 2655 1025 2735 igitur
1057 2669 1224 2736 agravatus
1256 2668 1302 2716 est
1326 2655 1358 2715 in
1383 2655 1483 2717 tribua

220 2757 327 2837 pensis
351 2778 408 2839 pro
433 2759 560 2820 duobus
584 2759 721 2841 judiciis.

325 2864 402 2925 Item
428 2865 531 2926 Draxe
556 2880 665 2928 contra
682 2886 814 2927 uxorem
832 2867 936 2927 Pouse
952 2867 1056 2948 primo
1074 2866 1187 2927 citatus
1203 2886 1268 2927 non
1292 2868 1484 2948 comparuit.

325 2970 403 3031 Item
429 2991 530 3052 usque
555 2972 798 3053 quindecimum
830 2972 915 3033 diem
939 2986 1065 3033 tenetur
1096 2971 1220 3033 solvere
1254 2973 1340 3033 Elias
1364 2992 1480 3053 parvus

221 3073 273 3135 Vll
299 3075 368 3138 flor.
393 3090 424 3137 et
447 3091 575 3139 centurn
599 3098 634 3139 ac
658 3092 721 3140 tres
745 3079 894 3140 denarios
919 3077 1130 3139 Lancholot0.

327 3182 401 3243 item
428 3183 512 3244 idem
539 3184 755 3245 Lancholotus
779 3203 880 3265 usque
904 3183 1043 3244 eundem
1075 3183 1249 3244 terminum
1273 3196 1398 3244 tenetur
1418 3183 1481 3244 sol-

220 3307 292 3349 vere
318 3269 749 3352 iratribus'Predicatoribus
772 3291 840 3351 Vlll
866 3289 933 3351 flor.

325 3395 401 3456 Item
416 3395 595 3457 Domianus
610 3410 720 3458 contra
733 3397 809 3458 luan
824 3395 927 3477 Galga
945 3397 1048 3478 primo
1074 3396 1187 3457 citatus
1207 3415 1272 3456 non
1289 3396 1479 3477 comparuit.

327 3502 403 3563 item
417 3503 659 3583 quintodecimo
673 3504 724 3564 die
738 3502 801 3563 diei
819 3503 974 3585 presentis
985 3502 1136 3563 dominus
1146 3501 1281 3584 Mykech
1298 3501 1382 3563 iilius
1400 3503 1480 3563 Leu-

218 3608 308 3669 nardi
333 3627 405 3668 cum
430 3609 542 3671 litteris
565 3630 644 3691 quas
669 3623 776 3670 contra
804 3609 976 3669 Martinum
1001 3608 1125 3689 Reyniz
1156 3605 1229 3668 iecit
1254 3607 1406 3683 emanari,
1433 3619 1481 3668 te·

220 3726 312 3773 netur
336 3728 445 3776 contra
470 3715 607 3776 eundem
633 3734 828 3796 comparere.

324 3819 402 3881 Item
429 3820 547 3881 Paulus
578 3821 682 3902 pictor
714 3834 824 3881 contra
849 3819 1024 3881 Martinum
1049 3818 1173 3900 Reyniz
1205 3831 1236 3879 et
1259 3818 1352 3879 Vitus
1376 3819 1480 3899 primo

218 3925 303 3986 citati
329 3945 392 3986 non
417 3941 674 4008 comparuerunt.

324 4032 401 4093 item
428 4032 556 4115 Mathey
580 4033 665 4095 filius
689 4032 847 4114 Leypoldi
872 4046 982 4093 contra
1008 4030 1052 4091 St.
1085 4027 1282 4091 aurifabrum
1308 4029 1413 4110 primo
1437 4029 1480 4090 ci·

218 4151 302 4199 tatus
325 4159 389 4200 non
415 4140 603 4221 comparuit.

323 4245 400 4306 Item
425 4245 544 4306 Paulus
567 4246 670 4327 pictor
694 4258 802 4306 contra
825 4244 1003 4306 iohannem
1028 4241 1131 4303 filium
1157 4242 1233 4301 luan
1258 4241 1297 4301 ad
1322 4252 1395 4301 octo
1413 4240 1480 4299 dies

218 4353 336 4433 recepit
360 4352 532 4413 terminum
558 4352 597 4412 ad
623 4349 895 4432 respondendum.

326 4459 400 4519 item
427 4477 506 4518 uxor
532 4457 660 4539 Endrey
678 4470 786 4517 contra
805 4475 936 4517 uxorem
964 4455 1072 4517 Petres
1088 4452 1242 4534 loripedis
1259 4450 1298 4512 ad
1322 4464 1395 4512 octo
1412 4450 1480 4512 dies

218 4565 335 4644 recepit
359 4565 532 4626 terminum
557 4563 596 4624 ad
622 4561 893 4644 respondendum.

324 4670 401 4732 item
426 4670 605 4731 Domianua
628 4667 771 4730 woachar
802 4680 912 4729 contra
943 4665 1149 4727 Crizozlaum
1173 4663 1213 4725 ad
1237 4675 1310 4724 octo
1340 4661 1408 4722 dies
1432 4680 1479 4722 re·

218 4777 301 4858 cepit
324 4777 496 4838 terminum
520 4775 561 4838 ad
585 4773 859 4857 respondendum.
