3488 5250
635 361 720 418 Anno
743 371 830 437 1355.
855 395 897 403 —
917 376 952 437 3,
976 361 1089 421 martii.
1486 384 1502 446 3

236 570 323 650 lavit,
348 569 398 630 cui
423 584 570 630 octavum
589 569 674 630 diem
695 569 840 649 proxime
858 585 1027 632 venturum
1046 571 1282 655 perhemptorie
1307 592 1504 655 responsure

237 673 372 736 fecimus
396 674 572 756 prorogari.

344 781 421 841 Item
447 781 608 841 Marketus
632 779 792 843 aurifaber
816 782 848 843 in
874 781 1046 863 quindenis
1061 795 1187 843 tenetur
1210 783 1334 846 solvere
1359 784 1400 847 T.
1426 786 1506 847 duas

237 906 359 969 marcas
382 906 454 948 curn
480 887 585 948 media
609 885 664 948 fini
688 888 811 968 argenti
835 903 931 970 prout
954 907 987 949 se
1019 888 1119 974 literis
1142 890 1258 950 nostris
1283 890 1504 952 mediantibus

239 1012 272 1053 se
296 992 398 1053 extitit
421 993 610 1075 obligatum,
634 993 759 1055 solvere
781 1006 907 1055 tenetur
931 993 1082 1074 magistro
1102 994 1275 1076 Stephan0,
1300 993 1367 1057 filio
1385 996 1506 1076 Michk,

240 1098 319 1159 olim
336 1098 372 1162 B.
398 1099 518 1179 absque
543 1098 714 1160 dilacione.

347 1202 620 1288 ltemplohannes,
644 1202 729 1265 lilius
752 1202 839 1284 luan,
869 1224 970 1285 usque
1003 1218 1151 1266 octavum
1185 1205 1270 1266 diem
1294 1219 1419 1268 tenetur
1442 1207 1506 1270 sol·

241 1328 314 1370 vere
339 1308 459 1370 Finech
485 1308 520 1371 ll.
545 1328 677 1388 marcas,
702 1329 782 1391 quas
805 1310 830 1371 si
853 1330 918 1371 non
935 1309 1047 1387 solvet,
1068 1325 1143 1371 tunc
1167 1310 1295 1372 vineam
1318 1330 1410 1373 suam
1431 1333 1508 1376 tren-

240 1415 316 1476 dere
341 1415 472 1476 habebit
495 1414 690 1477 facultatem.

348 1520 425 1582 ltem
435 1519 519 1581 filius
533 1520 609 1582 Petli
623 1535 732 1582 contra
748 1520 1057 1603 Domianumprima
1071 1521 1228 1583 citacione
1238 1541 1302 1583 non
1317 1525 1509 1605 comparuit-

349 1626 427 1687 ltem
451 1626 668 1688 Lancholotus
691 1640 801 1688 contra
830 1626 1022 1704 Johannem,
1045 1625 1236 1688 familiarem
1262 1627 1414 1710 Stephani
1447 1651 1510 1692 sar·

243 1733 331 1812 toris,
356 1733 457 1814 prima
480 1732 635 1794 citacione
661 1751 726 1794 non
741 1732 930 1814 comparuit.

350 1837 427 1898 ltem
452 1835 568 1918 Gunga
593 1836 803 1899 Guantancha
835 1851 943 1899 contra
962 1836 1197 1898 Lancholotum
1221 1838 1318 1899 tercia
1355 1838 1511 1904 citatione

245 1962 310 2004 non
332 1921 522 2024 comparuit.

351 2050 429 2111 Item
455 2047 548 2109 Goda
573 2061 604 2110 et
620 2049 752 2131 Kruppa
776 2061 884 2109 contra
903 2049 1048 2109 Jakmam
1073 2067 1206 2110 uxorem
1224 2048 1390 2130 cirologici
1408 2051 1511 2132 prima

246 2155 400 2217 citacione
425 2175 490 2216 non
515 2166 774 2236 comparuerunt.

352 2261 429 2322 ltem
454 2261 475 2321 1.
501 2262 615 2343 Koyne
640 2274 749 2322 contra
775 2259 909 2321 Paulum
934 2259 1035 2342 prima
1052 2260 1208 2322 citacione
1230 2278 1295 2321 non
1321 2262 1512 2341 comparuit.

350 2367 428 2428 ltem
458 2367 596 2428 Jacobus
624 2365 740 2427 Pzicha
764 2379 873 2428 contra
904 2365 1091 2427 Drussinam
1121 2366 1224 2448 prima
1254 2365 1411 2428 citacione
1445 2385 1512 2428 non

249 2472 439 2554 comparuit.

355 2595 432 2658 ltem
458 2596 532 2677 quia
558 2597 639 2658 Zore
664 2610 773 2658 contra
790 2595 929 2657 Bartuch
943 2608 1074 2657 vocatus
1097 2615 1155 2682 per¹
1169 2595 1307 2676 judicem
1333 2615 1398 2657 non
1415 2596 1515 2671 venit,

252 2700 325 2762 ideo
357 2701 521 2762 convictus
550 2714 597 2763 est
628 2701 660 2762 in
691 2701 812 2783 judicio
843 2715 1005 2779 consveto‚
1037 2715 1068 2763 et
1100 2720 1226 2762 causam
1260 2700 1396 2762 eandem
1419 2715 1514 2762 testes

251 2808 393 2869 eiusdem
430 2808 567 2874 Bartuch
606 2808 646 2871 de
682 2821 790 2869 nostra
826 2807 960 2869 licencia
995 2821 1248 2889 prorogaverunt
1282 2826 1384 2888 usque
1420 2827 1516 2868 suum

252 2912 436 2975 adventurn.

401 3130 495 3203 Feria
516 3135 623 3204 tercia
641 3136 795 3222 proxima
815 3142 892 3222 post
912 3134 1112 3203 dominicam
1132 3131 1366 3203 Reminiscere.

791 3285 833 3362 (3.
857 3287 980 3360 martir).

360 3423 438 3484 Item
462 3423 501 3485 N.
526 3422 610 3484 filius
634 3423 712 3484 Petk
737 3437 845 3484 contra
872 3421 1069 3484 Domianum
1100 3421 1240 3482 secunda
1272 3421 1426 3482 citacione
1449 3439 1515 3482 non

253 3530 442 3612 comparuit.

360 3635 437 3695 Item
464 3634 549 3694 idem
573 3633 726 3695 Nicolaus
750 3648 875 3695 tenetur
892 3634 1018 3694 solvero
1036 3633 1139 3708 Petro,
1164 3629 1252 3692 lratri
1269 3631 1355 3708 laxe,
1373 3632 1405 3692 in
1423 3631 1516 3713 quin·

255 3740 347 3801 denis
370 3740 420 3801 lll.
444 3739 583 3801 florenos
599 3760 694 3821 super
718 3740 836 3821 quibus
860 3739 946 3800 idern
963 3738 1074 3799 Petrus
1098 3736 1242 3799 exhibuit
1265 3736 1371 3798 literas
1395 3736 1518 3817 obliga-

256 3846 353 3907 torias
376 3846 524 3907 chhete
550 3845 687 3906 condam
712 3844 835 3921 judicis.

362 3951 440 4013 Item
467 3951 570 4012 lwana
596 3950 672 4013 feria
699 3965 785 4012 sexta
810 3950 980 4032 assumpsit
1011 3952 1147 4031 probare
1180 3968 1252 4010 curn
1278 3948 1409 4009 domina
1442 3967 1517 4010 con·

257 4072 341 4119 sorte
366 4059 392 4120 J.
417 4059 546 4119 sartoris
570 4072 601 4119 et
625 4077 722 4119 uxore
756 4057 872 4139 Copun
903 4070 1011 4118 contra
1042 4055 1204 4136 quandam
1237 4054 1406 4116 mulierem
1428 4073 1523 4136 super

257 4163 342 4226 facto
366 4164 526 4247 vituperii.

364 4270 440 4331 Item
451 4270 477 4332 J.
491 4285 591 4331 sartor
604 4283 713 4331 contra
725 4269 915 4330 Michaelem
928 4268 1067 4329 secunda
1082 4267 1236 4328 citacione
1250 4285 1315 4327 non
1329 4266 1517 4346 comparuit.

364 4377 440 4437 Item
481 4375 697 4436 Lancholotus
733 4388 843 4436 contra
878 4373 1058 4434 Johannem
1090 4372 1229 4433 secunda
1267 4371 1423 4432 citacione
1457 4389 1525 4432 non

257 4482 447 4563 comparuit.
776 4549 780 4556 ⁴

364 4587 442 4648 ltem
468 4586 580 4648 Othlin
606 4601 714 4647 contra
741 4585 881 4646 lwanam
905 4583 981 4645 feria
1003 4598 1088 4645 sexta
1112 4584 1207 4645 debet
1231 4600 1427 4662 comparere.

366 4693 443 4753 Item
469 4692 575 4753 relicta
603 4690 736 4752 Hanche
761 4704 869 4752 contra
888 4689 1097 4750 Benedictum
1123 4688 1305 4750 sellatorem
1322 4687 1425 4768 prima
1449 4685 1527 4747 cita·

258 4798 353 4860 cione
378 4817 443 4859 non
468 4797 656 4880 comparuit.
