3488 5250
620 309 818 391 Ann01363.
842 348 885 358 —
909 327 959 376 02.
984 315 1114 373 octobris.

344 521 421 584 ltem
447 523 492 584 St.
516 523 635 583 Zauala
659 537 770 585 contra
793 521 985 604 Gregorium
1009 522 1049 583 ad
1074 535 1148 584 octo
1173 521 1241 582 dies
1257 521 1428 583 terminum
1454 540 1502 582 re·

238 629 322 710 cepit
345 628 572 711 respondendi.

344 734 421 795 Item
446 733 583 795 Michael
608 734 735 795 lectoris
758 733 900 796 secundo
933 734 1047 799 citatus
1069 746 1180 795 contra
1204 732 1384 795 lohannem
1409 732 1502 796 Chri-

237 841 319 901 stine
343 859 408 902 non
436 840 625 921 comparuit.

344 945 422 1007 ltem
449 945 535 1006 idem
560 944 722 1007 lohannes
749 959 858 1007 contra
890 945 1034 1007 Katriam
1060 945 1100 1006 ad
1131 957 1205 1007 octo
1237 943 1305 1004 dies
1327 943 1502 1006 terminum

238 1051 357 1132 recepit
381 1050 609 1133 respondendi.

346 1156 424 1218 ltem
448 1170 563 1218 octavo
596 1156 648 1218 die
679 1157 880 1240 Dampianua
910 1172 999 1219 sutor
1031 1171 1140 1220 contra
1172 1158 1348 1220 Martinum
1378 1157 1502 1239 Reyniz

238 1260 335 1323 debet
357 1262 534 1344 producere
560 1261 609 1343 jus
632 1282 727 1344 super
750 1282 809 1324 suo
834 1262 946 1326 lund0.

346 1367 424 1429 Item
441 1387 534 1429 causa
551 1367 627 1428 luan
646 1380 677 1430 et
694 1366 826 1450 Georgii
844 1369 946 1431 estad
964 1383 1036 1430 octo
1055 1369 1123 1430 dies
1139 1369 1179 1430 ad
1195 1388 1307 1452 pacem
1320 1381 1502 1451 prorogata.

344 1472 422 1534 Item
448 1473 580 1534 domina
605 1472 744 1536 Blancha
770 1489 880 1536 contra
904 1475 1032 1536 Kunam
1064 1474 1168 1556 primo
1203 1475 1297 1536 citata
1321 1493 1386 1535 non
1414 1492 1501 1535 com·

238 1579 353 1660 paruit.

344 1684 424 1746 Item
447 1704 541 1747 causa
564 1685 688 1768 Wysne
712 1698 822 1747 contra
840 1685 992 1767 Egidium
1017 1686 1120 1747 estad
1144 1699 1217 1747 octo
1241 1685 1309 1749 dies
1332 1684 1373 1747 ad
1389 1703 1502 1767 pacem

239 1805 420 1871 prorogata.

346 1896 424 1957 Item
450 1910 563 1958 octavo
587 1896 639 1957 die
656 1896 803 1979 Volynus
820 1895 908 1958 faber
928 1910 959 1957 et
975 1897 1094 1958 Paulus
1117 1897 1247 1979 iobagio
1264 1897 1343 1974 eius,
1366 1895 1503 1977 quilibet

238 2022 271 2063 se
296 2002 467 2080 secundus,
494 2016 602 2063 contra
617 2001 662 2064 St.
687 2000 857 2084 pellificem
882 2021 1047 2084 supereo,
1071 2002 1159 2084 quod
1183 2021 1242 2064 nec
1267 2020 1398 2064 uxorem
1423 2000 1502 2079 eius,

239 2127 297 2169 nec
333 2108 437 2190 ipsum
475 2107 743 2189 vituperaverint,
779 2127 837 2169 nec
872 2107 1033 2189 lapidibus
1069 2108 1254 2169 iactaverint
1288 2107 1502 2187 juramentum

238 2215 437 2295 prestabant.

344 2319 422 2380 ltem
448 2320 550 2380 Pousa
565 2334 595 2380 et
619 2319 765 2380 Thomas
781 2318 922 2380 secundo
940 2319 1025 2382 citati
1050 2332 1159 2380 contra
1177 2318 1319 2380 relictam
1336 2316 1502 2380 Michaelis

238 2445 303 2486 non
332 2438 589 2508 comparuerunt.

343 2530 421 2592 ltem
445 2530 528 2611 lglar
551 2543 660 2591 contra
685 2529 820 2591 Jancech
844 2529 985 2591 secundo
1009 2530 1121 2592 citatus
1144 2549 1210 2591 non
1234 2528 1423 2612 comparuit.

343 2637 421 2698 ltem
456 2636 560 2698 Draxe
590 2635 696 2717 primo
728 2636 841 2698 citatus
874 2649 983 2698 contra
1015 2635 1193 2698 lohannem
1226 2636 1404 2697 Barbacum
1436 2654 1502 2697 non

238 2743 427 2825 comparuit.

344 2849 422 2909 ltem
447 2848 558 2909 Petrus
582 2862 692 2908 contra
716 2847 920 2929 Tkalkynam
939 2848 979 2907 ad
1004 2861 1076 2909 octo
1101 2847 1170 2908 dies
1185 2847 1359 2908 terminum
1383 2845 1502 2928 recepit

238 2954 466 3037 respondendi.

344 3061 422 3121 ltem
447 3059 498 3120 die
524 3059 688 3121 dominico
712 3057 859 3141 proximo
877 3076 956 3119 uxor
978 3057 1100 3119 Mareni
1118 3056 1274 3119 carnificis
1297 3056 1451 3138 vigesima
1468 3075 1501 3119 se

239 3167 364 3228 duabus
387 3165 484 3226 debet
508 3166 644 3226 salutare
668 3164 811 3227 relictam
829 3165 929 3242 Benk,
953 3164 1083 3224 nomine
1116 3182 1179 3238 ree,
1204 3162 1292 3245 quod
1316 3163 1341 3223 si
1366 3181 1432 3223 non
1455 3160 1501 3222 f·

239 3273 327 3349 cerit‚
351 3284 427 3332 tunc
453 3271 544 3331 aliter
560 3270 683 3331 iusticia
703 3268 767 3331 liet.

344 3377 422 3437 ltem
448 3376 514 3437 Juri
540 3390 570 3437 et
595 3377 640 3438 St.
663 3375 800 3456 quilibet
823 3393 856 3434 se
880 3374 996 3435 tercius
1012 3388 1127 3436 octavo
1151 3375 1203 3435 die
1227 3387 1337 3435 contra
1354 3372 1500 3434 Marcum

239 3484 358 3543 debent
383 3495 521 3563 prestare
544 3482 759 3542 iuramentum
790 3480 917 3541 racione
949 3480 1034 3558 salis,
1066 3479 1155 3561 quod
1179 3478 1295 3540 furtive
1320 3497 1384 3539 non
1418 3496 1503 3539 rece·

239 3589 353 3670 perint.

345 3694 422 3754 ltem
448 3706 562 3754 octavo
587 3691 638 3753 die
663 3692 815 3778 Nicolaus
839 3693 999 3773 organista
1022 3711 1078 3774 per
1102 3691 1257 3752 Jacobum
1283 3690 1501 3750 balneatorem

239 3815 271 3862 et
297 3799 500 3880 Leupoldum
525 3798 621 3859 debet
652 3799 828 3880 producere
859 3799 1079 3860 testimonium
1104 3809 1213 3858 contra
1245 3794 1406 3877 quandam
1431 3813 1501 3855 mu·

239 3907 348 3967 lierem
373 3924 469 3985 super
493 3924 543 3982 eo,
567 3904 654 3985 quod
679 3923 745 3964 non
769 3918 883 3985 sponte
911 3904 979 3965 eius
1003 3918 1112 3984 pectus
1135 3902 1294 3983 atingarit.

343 4011 421 4071 ltem
445 4025 558 4071 octavo
583 4010 634 4070 die
659 4029 738 4070 uxor
762 4010 887 4070 Nicolai
912 4007 1124 4070 Zrebernicha
1149 4022 1258 4069 contra
1283 4008 1450 4089 Marynam
1467 4025 1500 4067 ae

238 4117 334 4178 tercia
360 4117 455 4177 debet
478 4136 510 4176 se
535 4116 566 4176 in
592 4117 837 4197 presumpcione
862 4135 1046 4197 expurgare.

346 4222 423 4282 Item
448 4236 563 4282 octavo
588 4221 639 4281 die
665 4221 710 4283 St.
733 4221 849 4299 jurabit
873 4240 904 4281 se
922 4221 1089 4298 secundus,
1115 4219 1203 4301 quod
1227 4239 1283 4301 per
1307 4219 1437 4302 Mathey
1461 4218 1502 4280 de

240 4325 389 4389 Grachan
414 4326 509 4387 fuerit
532 4346 709 4407 percussus.

346 4432 423 4493 ltem
448 4432 557 4493 relicta
582 4432 712 4492 Andree
736 4432 878 4493 secundo
903 4432 996 4493 citata
1030 4448 1138 4492 contra
1164 4431 1300 4493 Paulum
1324 4450 1390 4493 non
1414 4449 1501 4493 com·

239 4539 355 4621 paruit.

345 4645 423 4705 ltem
456 4644 617 4706 lohannes
648 4643 892 4705 archidiaconus
923 4642 963 4704 de
987 4643 1090 4704 Vaslra
1121 4645 1221 4705 torcio
1246 4643 1359 4705 citatus
1390 4654 1501 4705 contra

240 4749 306 4813 Cus
332 4769 397 4811 non
426 4751 614 4823 comparuit.
