3488 5250
647 344 733 400 Anno
752 339 844 419 1362.
867 375 910 386 -
938 337 970 403 8.
986 343 1071 418 julii.

341 554 418 615 Item
445 566 559 615 octavo
584 552 635 613 die
653 552 799 613 Thomas
815 551 965 633 magister
981 565 1090 613 contra
1108 551 1279 613 Nicolaum
1303 552 1498 613 Januansem

234 679 329 742 super
354 678 419 721 uno
443 657 566 720 floreno
590 656 685 719 debet
709 669 847 739 prestare
872 657 1098 739 juramentum,
1122 656 1208 718 duos
1226 671 1333 720 autem
1358 657 1499 720 florenos

234 785 337 848 usque
361 765 542 847 quindenas
564 765 689 825 solvere
713 762 810 825 debet
833 762 949 827 eidem.

341 870 418 932 Item
443 869 552 932 Pettes
575 866 716 930 carnifex
740 882 850 930 contra
879 868 1008 931 Petrum
1034 868 1161 932 GodIch
1185 868 1225 931 ad
1250 868 1391 951 primum
1416 868 1500 931 iudi·

234 977 320 1039 cium
344 976 465 1059 recepit
487 975 661 1037 terminum
686 974 726 1037 ad
751 974 1023 1058 respondendum.

340 1083 419 1145 Item
450 1101 543 1144 causa
575 1081 743 1143 cuiusdam
774 1079 930 1142 carnificis
963 1095 994 1144 et
1024 1082 1098 1143 Moz
1130 1080 1241 1143 estad
1272 1093 1345 1143 octo
1369 1080 1438 1143 dies
1460 1079 1501 1143 ad

235 1207 344 1271 pacem
371 1200 551 1271 prorogata.
1272 1261 1273 1265 Ἰ

342 1295 420 1357 Item
437 1294 546 1357 relicta
564 1293 648 1355 Petri
667 1294 786 1374 Loytre
803 1304 912 1354 contra
926 1293 1100 1356 Martinam
1117 1293 1242 1376 Reyniz
1258 1293 1363 1375 primo
1381 1292 1501 1355 iudicio

235 1401 330 1463 debet
353 1399 559 1483 respondere.

340 1507 419 1569 Item
455 1507 623 1567 Mortonos
656 1505 786 1566 sellator
821 1518 931 1567 contra
967 1504 1109 1566 Blasium
1144 1505 1249 1587 prImo
1285 1505 1400 1566 citatus
1432 1523 1498 1566 non

235 1613 423 1697 comparuit.

340 1719 419 1781 Item
445 1720 551 1801 Matey
575 1731 685 1780 contra
709 1716 873 1778 Andream
897 1715 1002 1797 primo
1039 1715 1151 1776 citatus
1175 1735 1239 1777 non
1265 1715 1455 1798 comparuit.

342 1825 418 1887 Item
444 1838 557 1886 octavo
582 1825 634 1886 die
657 1824 766 1886 Petres
790 1823 822 1883 In
846 1821 1016 1903 vituperiis
1035 1834 1143 1884 contra
1169 1821 1349 1885 Iohannem
1374 1842 1407 1883 se
1439 1837 1500 1883 ter-

235 1932 302 1993 cius
325 1931 421 1994 debet
443 1951 476 1992 se
500 1950 686 2014 expurgare,
710 1943 742 1992 et
757 1927 873 1991 eodem
898 1926 950 1989 die
974 1927 1041 2009 ipse
1063 1927 1225 1990 lohannes
1249 1927 1367 2008 jurabit
1390 1928 1430 1990 de
1447 1949 1500 1990 va-

236 2038 303 2100 Iore
328 2050 359 2101 et
383 2057 448 2099 non
472 2038 637 2099 solucione
661 2037 721 2099 sibi
746 2055 804 2098 nec
829 2034 909 2117 patri
933 2053 992 2096 suo
1009 2032 1091 2097 facta
1115 2035 1281 2097 cuiusdam
1306 2037 1367 2096 tele
1393 2035 1500 2116 vitgu·

235 2144 309 2223 late,
325 2145 456 2206 terciam
480 2163 556 2206 vero
581 2162 709 2206 causam
733 2142 766 2203 in
790 2140 956 2222 vituperiis
980 2154 1112 2220 motam,
1132 2141 1200 2222 ipse
1224 2141 1342 2218 Petras,
1367 2140 1443 2221 qula
1460 2138 1500 2200 de

235 2249 460 2313 testilicacione
493 2248 619 2312 Cusech
650 2248 888 2331 suspicabatur,
919 2245 959 2306 ad
992 2247 1190 2328 presenciam
1222 2246 1429 2328 antiquorum
1454 2244 1502 2326 ju·

236 2356 344 2418 dicum
368 2355 531 2439 apellavit.

341 2462 419 2524 Item
452 2462 603 2543 Dragona
635 2474 746 2523 contra
781 2479 914 2523 uxorem
951 2459 1061 2521 Jacobi
1092 2473 1207 2521 octavo
1243 2458 1295 2520 die
1326 2478 1360 2520 se
1384 2458 1502 2520 tercius

236 2569 332 2631 debet
356 2567 470 2649 jurare.

341 2673 419 2736 Item
455 2673 567 2734 Kurko
603 2673 628 2734 si
665 2671 853 2734 mandatum
887 2671 976 2753 prius
1013 2670 1073 2732 sibi
1109 2671 1316 2732 commissum
1353 2669 1502 2732 maluerit

236 2779 412 2862 adImpIere
436 2798 537 2861 usque
562 2777 751 2860 quindenas,
776 2791 890 2839 extunc
915 2789 1025 2838 contra
1052 2777 1224 2839 Nicolaum
1248 2777 1441 2838 lanuensem
1467 2777 1500 2838 in

235 2885 404 2947 Xmarcis
427 2884 615 2946 remanebit.
686 2866 687 2869 Ἴ

341 2991 420 3053 Item
442 2990 587 3052 Andreas
611 3002 720 3051 contra
745 2988 874 3051 Petrum
898 2989 1003 3071 prImo
1027 2988 1139 3050 citatus
1162 3007 1227 3049 non
1253 2987 1441 3070 comparuit.

342 3097 420 3159 Item
434 3116 514 3158 uxor
530 3094 586 3157 filii
605 3095 682 3158 Suilr
700 3109 809 3158 contra
824 3096 978 3157 Iacobum
993 3094 1098 3177 primo
1117 3094 1210 3156 citata
1227 3113 1293 3156 non
1310 3093 1500 3177 comparuit.

342 3202 420 3265 Item
445 3201 570 3264 Cusech
604 3214 634 3263 ct
658 3201 786 3283 Dragan
818 3214 927 3262 contra
959 3200 1132 3263 Martinam
1157 3201 1299 3263 secundo
1323 3201 1409 3264 citati
1434 3220 1499 3263 non

237 3322 496 3391 comparuerunt.
517 3311 519 3314 ’

342 3414 420 3476 Item
446 3414 563 3475 Paulus
587 3427 696 3476 contra
721 3412 865 3475 Baboieb
889 3413 995 3495 primo
1018 3413 1132 3474 citatus
1155 3432 1220 3474 non
1249 3414 1441 3495 comparuit.

343 3520 420 3581 Item
446 3520 544 3581 Lucia
568 3534 677 3581 contra
702 3518 779 3580 Iuan
803 3518 909 3601 prImo
932 3519 1025 3580 citata
1055 3537 1121 3580 non
1145 3519 1334 3602 comparuit.

344 3625 421 3687 Item
445 3625 551 3708 primo
575 3624 695 3706 judicio
720 3623 857 3686 Michael
883 3622 971 3686 faber
988 3623 1083 3686 debet
1100 3638 1209 3686 contra
1234 3624 1280 3687 St.
1298 3624 1501 3707 respondere.

346 3732 423 3793 Item
447 3745 562 3792 octavo
586 3731 638 3792 die
663 3729 823 3811 Georgius
851 3728 982 3791 Gianini
1014 3748 1048 3790 se
1078 3729 1237 3792 secundus
1261 3730 1292 3791 in
1316 3730 1502 3791 verberibus

237 3850 346 3899 contra
370 3837 537 3901 Wllrotam
561 3856 595 3898 se
619 3837 714 3899 debet
739 3854 925 3918 expurgare.

342 3942 418 4004 Itern
428 3942 731 4005 IacobusKuzmich
740 3955 848 4005 contra
859 3941 968 4003 Petres
980 3940 1085 4023 primo
1097 3941 1211 4003 citatus
1226 3958 1292 4002 non
1306 3940 1496 4024 comparuit.

344 4047 422 4110 Item
448 4048 572 4109 Marsas
595 4060 704 4110 contra
729 4046 923 4128 Gregorium
947 4046 1052 4128 primo
1084 4046 1196 4108 citatus
1220 4064 1286 4108 non
1310 4045 1500 4129 comparuit.

344 4153 421 4214 Item
445 4153 550 4236 primo
575 4153 694 4216 iudicio
708 4152 892 4215 Demetrius
915 4165 1025 4214 contra
1042 4151 1205 4213 Thomam
1230 4148 1427 4233 freniparum
1445 4171 1500 4234 per

239 4259 400 4321 Andream
412 4257 603 4322 frenatorem
614 4273 645 4322 et
656 4258 846 4321 Michaelem
857 4258 963 4320 Ortasi
980 4277 1076 4341 super
1087 4258 1295 4339 sagittacione
1308 4259 1339 4320 in
1355 4257 1501 4336 domum,

238 4383 274 4428 ac
297 4384 353 4447 per
378 4365 496 4427 Trosth
520 4379 552 4428 et
571 4366 736 4427 Andream
753 4363 879 4426 fabrum
903 4383 999 4446 super
1026 4365 1262 4444 comInacione‚'
1281 4364 1500 4426 testimonium

238 4471 415 4555 producere
440 4471 546 4535 debet.

342 4576 421 4638 Item
445 4578 555 4640 relicta
579 4576 710 4639 Gianini
734 4576 905 4659 Paganoch
929 4588 1043 4639 octavo
1067 4576 1124 4639 die
1144 4576 1240 4639 debet
1262 4589 1401 4659 prestare
1418 4575 1501 4638 iura·

239 4694 400 4762 mentum,
425 4683 513 4765 quod
536 4683 606 4746 XIII
630 4703 728 4766 penae
751 4683 844 4746 matri
876 4702 933 4745 sue
963 4696 994 4744 et
1019 4684 1133 4746 vitrico
1152 4703 1211 4745 suo
1234 4702 1292 4766 per
1315 4683 1446 4765 Drugen
1470 4694 1502 4744 et

239 4783 368 4849 fratrem
392 4789 461 4852 eius
483 4789 546 4852 sint
569 4789 719 4854 insoluta.
