3488 5250
650 357 736 413 Anno
760 353 850 432 1363.
874 391 917 399 -
939 369 971 430 9.
989 357 1082 431 junii.

344 567 424 628 Item
455 581 569 627 octavo
601 566 653 626 die
687 564 846 645 Georgius
876 564 961 627 filius
984 565 1103 627 Prener
1132 564 1227 627 debet
1258 565 1333 627 dare
1358 565 1502 648 Georgio

239 670 400 752 Ireniparo
425 672 465 733 VI
498 670 652 753 preychas
675 685 706 731 et
738 689 839 732 unum
862 670 959 732 berzd
987 684 1019 732 et
1040 670 1145 751 jurare
1168 690 1202 732 se
1225 670 1386 733 secundus
1413 672 1502 753 quod

239 797 313 840 eum
338 797 403 839 non
429 777 656 858 vituperaverit
681 796 739 838 nec
764 776 915 838 bicellum
940 777 1093 838 exemerit
1115 796 1210 859 super
1234 795 1319 838 eum.

345 884 421 945 Item
440 897 553 944 octavo
567 882 619 945 die
630 882 776 944 Thomas
792 882 939 964 gladipar
955 901 1011 964 per
1024 882 1222 944 Demetrium
1231 883 1355 965 Brayn,
1372 882 1503 966 Eudrey

239 1004 269 1051 et
294 990 370 1050 Iuan
395 1003 506 1050 contra
522 987 646 1049 Malech
663 988 883 1049 testimonium
900 1007 995 1069 super
1017 1007 1056 1049 eo
1073 987 1250 1070 producere
1268 987 1396 1066 debent,
1413 989 1502 1070 quod

239 1097 315 1158 dum
341 1096 408 1177 ipsa
432 1096 620 1177 porcionem
644 1093 761 1155 domus
784 1113 839 1155 sue
863 1094 1036 1175 obligasset
1067 1112 1125 1174 pro
1146 1106 1284 1174 quatuor
1307 1093 1425 1176 pensis,
1450 1113 1503 1155 eas

238 1201 319 1284 patri
343 1220 402 1262 suo
427 1200 467 1262 ad
492 1201 624 1281 nupcias
646 1219 720 1261 suas
742 1213 928 1261 mutuasset.

345 1307 424 1368 Item
447 1305 593 1367 Andreas
616 1303 706 1367 faber
729 1319 839 1367 contra
869 1305 1048 1366 Iohannem
1079 1304 1305 1366 stacionarium
1329 1304 1434 1386 primo
1458 1304 1502 1366 ci-

237 1427 321 1475 tatus
344 1433 409 1474 non
435 1412 624 1493 comparuit.

345 1520 422 1581 Item
447 1537 540 1580 causa
574 1518 744 1580 Laurencii
777 1532 808 1579 et
839 1517 953 1580 Cusilo
977 1517 1107 1599 Lucych
1131 1516 1241 1577 estad
1273 1530 1346 1578 octo
1371 1516 1439 1578 dies
1461 1515 1502 1578 ad

238 1622 362 1707 pacem'
377 1638 559 1706 prorogata.

344 1731 421 1793 Item
446 1730 608 1792 Iohannes
632 1731 802 1792 Laurencii
829 1744 938 1791 contra
963 1728 1140 1810 Georgium
1165 1729 1270 1811 primo
1299 1729 1412 1791 citatus
1435 1747 1501 1791 non

238 1837 426 1918 comparuit.

344 1943 422 2005 Item
449 1941 609 2023 Georgius
633 1942 877 2003 archidiaconus
900 1941 940 2003 de
959 1940 1083 2002 Vorosd
1107 1954 1216 2002 contra
1243 1940 1418 2022 Symonem
1436 1959 1503 2002 cat-

238 2049 364 2111 nificem
388 2049 493 2131 prImo
518 2049 630 2109 citatus
654 2067 719 2109 non
744 2048 933 2130 comparuit.

344 2155 421 2216 Item
455 2153 578 2216 Malech
612 2152 741 2235 pellifex
774 2167 805 2214 et
837 2153 1019 2215 Demetrius
1052 2152 1157 2234 Brayn
1188 2150 1338 2212 dixerunt
1369 2171 1402 2213 se
1434 2170 1502 2211 esse

237 2261 439 2323 fideiussores
464 2260 560 2342 Myke
592 2258 757 2319 Korosech
789 2277 847 2340 pro
877 2259 988 2341 Vydak
1020 2257 1277 2319 molendinatore
1309 2257 1341 2318 in
1375 2255 1500 2318 duabus
1569 2320 1572 2325 ,

237 2367 362 2443 marcis,
386 2385 423 2426 ex
447 2365 566 2446 quibus
591 2382 687 2424 unam
712 2362 797 2423 idem
822 2363 947 2424 Malech
969 2362 1046 2426 feria
1070 2362 1223 2441 secunda,
1249 2361 1345 2424 aliam
1369 2362 1502 2444 quidem

237 2475 304 2555 ipse
322 2471 504 2533 Demetrius
529 2470 560 2530 in
579 2467 752 2550 quindenis
774 2468 899 2529 solvere
916 2481 947 2530 et
971 2468 1097 2530 medico
1121 2467 1301 2530 satisfacere
1322 2486 1502 2550 assumpse-

237 2593 321 2655 runt,
345 2577 432 2658 quod
458 2576 574 2637 sinon
604 2572 755 2651 facerent,
787 2588 902 2635 extunc
934 2574 1089 2655 integram
1122 2573 1322 2636 solucionem
1355 2572 1497 2634 vulneris

237 2686 340 2748 Iacere
364 2684 568 2746 tenebuntur.

343 2789 421 2851 Item
452 2787 636 2848 Demetrius
666 2787 772 2868 Brayn
807 2800 916 2847 contra
948 2785 993 2848 St.
1018 2786 1057 2846 ad
1091 2798 1164 2847 octo
1197 2785 1266 2848 dies
1296 2785 1417 2868 recepit
1438 2798 1503 2848 ter·

238 2898 363 2958 minum
386 2893 425 2954 ad
451 2891 722 2972 respondendum.

343 2997 421 3060 Item
432 2997 576 3058 Andreas
586 2995 720 3057 Teticha
730 3010 839 3058 contra
850 2995 987 3057 Bartuch
996 2995 1101 3077 primo
1115 2995 1300 3057 citatusnon
1311 2994 1502 3077 comparuit.

342 3105 421 3164 Item
444 3100 550 3182 lghlar
573 3100 714 3162 secundo
732 3101 845 3163 citatus
868 3114 978 3163 contra
1002 3101 1193 3183 Jurglynum
1218 3120 1283 3163 non
1309 3100 1502 3182 comparuit.

344 3209 423 3270 Item
448 3206 493 3268 St.
526 3205 684 3267 aurifaber
715 3205 820 3287 primo
852 3207 964 3269 citatus
995 3219 1105 3268 contra
1136 3206 1277 3267 eundem
1310 3207 1502 3289 Jurglynum

238 3335 303 3376 non
328 3312 517 3393 comparuit.

344 3420 420 3480 Item
445 3430 560 3477 octavo
584 3416 636 3477 die
661 3417 778 3478 Paulus
805 3417 899 3497 juder
925 3436 958 3478 se
989 3416 1105 3477 tercIus
1129 3434 1202 3477 curn
1227 3416 1351 3478 civibus
1374 3416 1504 3497 jurabit,

239 3525 326 3606 quod
358 3523 484 3583 vineam
518 3521 705 3602 Netergerio
737 3522 900 3584 venditam
934 3523 965 3584 in
998 3521 1087 3583 nulla
1121 3522 1171 3582 sui
1202 3534 1290 3602 parte
1322 3534 1377 3583 aut
1406 3521 1504 3603 perti·

239 3626 606 3716 nenciiscommunitati
630 3627 733 3689 sciens
759 3628 917 3709 pertinere
934 3627 1104 3703 vendisset,
1128 3646 1187 3688 nec
1211 3626 1331 3688 litteras
1355 3625 1504 3707 antiquas

238 3734 331 3794 sciret
362 3751 419 3793 nec
453 3750 506 3792 eas
536 3731 686 3808 sceleret;
718 3746 748 3793 et
775 3733 819 3793 sic
850 3732 997 3794 similiter
1028 3731 1144 3811 jurabit
1164 3732 1253 3793 solus
1284 3730 1501 3813 Netergerius,

238 3838 325 3919 quod
350 3856 416 3899 rem
441 3836 585 3898 nesciens
615 3855 819 3898 communem
851 3851 1083 3918 comparasset,
1115 3837 1213 3898 etsie
1245 3856 1294 3897 res
1318 3835 1503 3898 communis

239 3942 460 4004 communitati
478 3941 676 4017 restituetur;
701 3941 894 4003 liberavero
918 3961 967 4002 res
991 3961 1048 4022 pro
1067 3943 1135 4024 Ipso
1152 3942 1306 4023 Netergio
1324 3961 1379 4023 per
1403 3959 1505 4003 novas

238 4047 357 4108 litteras
374 4045 599 4107 conscribetur.
620 4081 655 4091 -
676 4034 747 4108 Hoc
762 4046 978 4127 juramentum
1003 4061 1116 4109 neutro
1134 4066 1245 4108 eorum
1264 4046 1417 4108 convictis
1432 4059 1504 4108 tan-

239 4169 336 4230 quam
361 4150 585 4211 innocentibus
609 4150 751 4214 indulsit.

346 4254 423 4315 Item
445 4270 558 4315 octavo
583 4254 634 4317 die
651 4255 794 4317 Hermen
819 4269 927 4317 contra
946 4255 1117 4317 Nicolaum
1142 4276 1175 4318 se
1199 4257 1358 4318 secundus
1374 4255 1505 4338 iurabit,

239 4359 326 4439 quod
351 4378 501 4440 pereum
528 4357 622 4421 fuerit
646 4360 841 4422 vulneratus.

344 4463 468 4524 Ferlich
492 4482 568 4524 vero
593 4484 665 4525 cum
690 4483 756 4526 uno
781 4464 845 4526 alio
869 4483 928 4524 suo
960 4465 1121 4542 consoci0‚
1149 4465 1286 4546 quilibet
1315 4485 1350 4526 se
1373 4466 1504 4546 tercius,

239 4582 347 4630 contra
371 4569 474 4649 ipsum
501 4569 676 4630 Henricum
701 4568 819 4631 debent
843 4569 1005 4650 deponere
1029 4568 1256 4650 juramentum.

344 4671 421 4734 Item
446 4673 612 4735 Emericus
639 4672 787 4735 sacerdos
820 4686 929 4734 contra
962 4673 1136 4736 Martinum
1160 4674 1285 4757 Reyniz
1320 4674 1427 4756 primo
1460 4676 1505 4739 ci·

239 4789 322 4837 tatus
345 4796 410 4839 non
434 4778 624 4861 comparuit.
