3488 5250
594 344 684 403 Anno
706 355 797 422 1359.
820 379 865 387 —
887 359 940 419 29.
964 345 1094 406 octobris.
1419 363 1475 422 145

209 584 215 592 '
299 582 394 667 Nota,
424 583 510 672 quoti
539 584 647 654 tercia
675 581 762 653 seria
780 583 934 670 proxima
961 588 1038 670 post
1066 581 1189 652 festum
1215 581 1390 653 beatorum

546 704 700 793 symonis
728 712 762 775 et
789 704 875 795 Jute
904 704 1143 793 apostolorum.

734 877 801 949 (29.
825 875 969 949 octobris).

319 1032 428 1093 Primo
452 1031 637 1113 responsiva
661 1031 790 1093 Andree
815 1029 896 1093 fabri
921 1045 1030 1093 contra
1045 1031 1187 1093 Blasium
1213 1042 1243 1090 et
1266 1027 1403 1089 racionis
1419 1048 1477 1110 po·

212 1140 290 1202 sicio
315 1139 397 1201 inter
421 1138 553 1200 eosdem
577 1137 618 1199 ad
641 1151 715 1200 octo
740 1137 808 1199 dies
832 1150 879 1200 est
901 1152 1084 1220 prorogata.

318 1245 396 1307 Item
422 1244 583 1306 Fabianus
606 1257 694 1305 sutor
718 1257 827 1306 contra
852 1243 998 1318 relictam
1023 1243 1110 1306 Gerd
1134 1243 1239 1325 palmo
1271 1240 1385 1302 citatus
1412 1259 1477 1302 nou

213 1350 403 1433 comparuit.

319 1455 397 1517 Item
421 1455 529 1538 Mylka
554 1468 664 1517 contra
688 1454 832 1516 relictam
861 1454 984 1516 Hamer
1013 1455 1054 1516 ad
1079 1468 1152 1517 octo
1184 1455 1252 1516 dies
1276 1455 1395 1538 recepit
1417 1467 1478 1515 ter-

214 1562 337 1624 minum
364 1561 405 1622 ad
431 1560 701 1643 respondendum.

319 1667 397 1729 Item
421 1667 587 1729 IanzIInus
617 1666 792 1727 Krauturm
825 1679 932 1727 contra
966 1666 1123 1727 Jacobum
1154 1665 1308 1728 Croatum
1338 1664 1378 1727 ad
1403 1677 1477 1726 octo

213 1773 282 1834 dies
305 1772 424 1854 recepit
447 1772 620 1834 terminum
645 1771 684 1832 ad
709 1770 980 1854 respondendum.

319 1895 517 1978 Conposici0
541 1896 622 1956 iuter
647 1896 762 1978 Mykus
792 1893 947 1956 filium-J.
972 1906 1003 1956 et
1027 1894 1183 1956 Jacobum
1218 1894 1321 1957 filium
1345 1896 1478 1958 Martini

213 2002 294 2063 sicut
325 2002 419 2063 nobis
451 2000 669 2062 Barchuchius
700 1999 808 2062 retulit
837 2000 939 2061 extitit
968 2000 1089 2078 taliter,
1121 1999 1209 2081 quod
1242 2001 1309 2082 ipse
1342 2002 1481 2063 Iacobus

213 2107 316 2169 XXVI
341 2106 411 2169 flor.
434 2120 561 2169 tenetur
584 2107 708 2168 solvere
732 2106 765 2167 in
789 2107 916 2168 duobus
940 2106 1097 2184 termInis,
1132 2105 1203 2166 XIII
1228 2106 1261 2168 in
1284 2103 1366 2168 festo
1389 2106 1480 2167 Puri·

214 2212 378 2275 ficacionis
404 2215 494 2274 beate
518 2212 651 2294 virgiuis
675 2227 705 2274 et
728 2212 798 2274 XIII
827 2212 861 2275 in
892 2211 972 2274 lesto
999 2212 1095 2273 Pasce
1129 2232 1214 2275 nunc
1235 2213 1380 2295 proxime
1404 2232 1481 2275 ven·

215 2319 295 2381 turis
319 2320 437 2402 Mykus
469 2332 623 2381 annotato
653 2320 713 2380 sub
745 2318 857 2400 duppli
890 2338 983 2401 pena,
1014 2319 1101 2380 salva
1133 2318 1248 2401 judicia
1270 2320 1424 2401 porcIone
1454 2318 1480 2379 si

215 2425 356 2506 aliquem
382 2424 556 2486 terminum
580 2424 763 2486 obmitteret
787 2425 819 2486 in
847 2424 1015 2486 solvendo.

321 2531 400 2591 Item
425 2528 556 2591 Gerden
579 2549 681 2610 usque
706 2529 891 2610 quindecim
909 2530 978 2592 dies
993 2543 1119 2591 tenetur
1142 2528 1266 2592 solvere
1290 2531 1399 2592 Petras
1414 2548 1480 2592 car·

215 2635 300 2697 nilici
326 2635 365 2696 III
390 2655 503 2718 pensas
527 2654 600 2696 cum
625 2635 731 2696 media
756 2635 863 2697 minus
886 2636 940 2696 VII
965 2635 1114 2698 denariis.

324 2741 403 2803 Item
436 2741 598 2803 Iohannes
622 2742 729 2802 Kozar
758 2755 866 2803 contra
900 2742 1062 2803 accionem
1089 2742 1197 2802 Petres
1229 2739 1384 2802 carnificis
1407 2743 1481 2802 sub·

215 2846 301 2908 misit
324 2866 357 2907 se
381 2847 566 2909 testImonio
592 2847 733 2908 Sanclini
758 2860 790 2909 et
813 2848 952 2909 Emerici
979 2846 1123 2908 Kochich
1148 2847 1188 2908 ad
1214 2860 1287 2908 octo
1312 2846 1390 2907 dies.

320 2952 398 3014 Item
425 2971 526 3033 usque
558 2952 743 3034 quindecim
767 2953 836 3014 dies
868 2952 972 3015 Draxe
995 2966 1121 3014 tenetur
1152 2953 1278 3013 solvere
1311 2953 1355 3015 St.
1380 2953 1480 3014 tribu·

215 3057 296 3118 tario
321 3057 467 3119 debitum
491 3058 669 3119 secundum
694 3058 803 3120 eubuli
824 3078 1007 3120 mensuram
1032 3059 1098 3120 vini
1123 3058 1221 3138 empti
1245 3060 1285 3118 ab
1310 3058 1436 3120 eodem.

322 3163 400 3224 Item
425 3163 500 3244 quia
524 3182 604 3224 uxor
626 3162 758 3246 Vydech
783 3178 964 3225 consortem
981 3163 1096 3246 Kyrini
1119 3162 1309 3241 verberavit,
1333 3169 1479 3225 convicta

216 3284 262 3331 eat
286 3270 318 3331 ln
342 3271 468 3330 duabus
485 3269 599 3330 marcis
621 3288 679 3350 pro
697 3269 810 3331 eadem
833 3283 864 3330 et
888 3269 920 3330 in
945 3268 1050 3331 media
1067 3288 1125 3351 pro
1143 3268 1248 3350 judice
1266 3288 1367 3350 usque
1385 3269 1479 3350 quin-

216 3375 320 3436 decim
346 3374 413 3435 dies
437 3375 591 3437 solutura.

324 3480 401 3541 Item
416 3479 576 3541 Hearicus
588 3477 719 3562 pellifex
731 3494 841 3541 contra
855 3479 895 3542 G.
912 3481 947 3542 Z.
961 3481 1066 3562 prImo
1084 3480 1197 3540 citatus
1210 3499 1274 3540 non
1292 3480 1481 3561 comparuit.

324 3604 401 3665 Item
434 3603 587 3665 Nicolaus
622 3603 725 3684 Bolog
758 3616 867 3665 contra
898 3603 1061 3665 Andream
1097 3602 1239 3664 secundo
1271 3603 1385 3665 citatus
1415 3622 1481 3665 nott

217 3710 407 3791 comparuit.

324 3816 401 3876 Item
418 3819 513 3876 Anna
530 3815 639 3897 piatrix
657 3828 766 3876 contra
780 3814 957 3897 Symonem
974 3815 1079 3896 primo
1098 3814 1191 3875 citata
1208 3833 1275 3875 non
1291 3815 1481 3896 comparuit.

324 3920 401 3982 Item
426 3919 467 3982 G.
498 3920 654 3982 Ztaunich
685 3933 794 3982 contra
827 3920 956 3982 Petrum
982 3918 1110 3982 Godich
1141 3920 1246 4002 primo
1271 3920 1385 3982 citatus
1416 3939 1481 3981 non

217 4027 407 4109 comparuit.

324 4132 403 4193 Item
428 4130 618 4193 Dominicus
641 4132 680 4194 de
703 4132 788 4214 Vgra
813 4146 923 4194 contra
952 4132 1113 4194 Martinko
1142 4131 1247 4213 primo
1279 4131 1393 4192 citatus
1416 4149 1482 4192 non

218 4239 406 4320 comparuit.

324 4342 405 4404 Item
428 4343 567 4404 Iacobus
591 4342 629 4405 C.
654 4358 764 4405 contra
789 4343 966 4427 Symonem
991 4343 1134 4405 secundo
1158 4343 1271 4403 citatus
1298 4361 1364 4404 non
1395 4361 1483 4403 corn·

219 4448 333 4530 paruit.

324 4554 403 4616 Item
428 4554 565 4615 Iacobus
585 4567 694 4614 contra
719 4553 851 4615 Milkam
880 4554 985 4635 primo
1010 4554 1123 4614 citatus
1146 4572 1212 4615 non
1235 4551 1424 4633 comparuit.

296 4709 297 4712 η
325 4659 404 4722 Item
429 4660 506 4722 Iuan
540 4658 678 4721 Plauech
710 4671 820 4720 contra
851 4659 1007 4741 Gurgiam
1032 4659 1138 4743 primo
1169 4659 1283 4720 citatus
1306 4676 1371 4718 non
1395 4676 1483 4719 com·

219 4766 334 4847 paruit.

1380 4871 1417 4912 ιο
