3488 5250
576 351 665 410 Anno
688 364 776 428 1555.
799 386 843 395 —
866 367 916 412 20.
940 354 1109 412 novembris.
1442 374 1483 437 37

327 562 405 623 Item
429 562 468 624 N.
494 559 578 623 filius
603 561 732 646 Mathey
757 577 866 625 contra
898 563 1032 625 Paulum
1058 579 1172 626 octavo
1204 565 1256 627 die
1280 581 1405 629 tenetur
1436 588 1482 629 re·

223 669 392 752 spondere.

328 777 405 838 Item
442 774 554 838 lucech
590 775 630 838 de
671 774 845 858 Gra(chan)
883 791 991 838 contra
1024 779 1063 839 N.
1095 778 1196 859 prima
1228 778 1383 841 citacione
1418 799 1483 841 non

221 884 409 966 comparuit.

328 991 405 1052 Item
431 991 517 1051 Bene
542 1001 651 1050 contra
674 989 820 1051 Cernech
844 990 947 1072 prima
979 990 1135 1051 citacione
1159 1010 1225 1052 non
1249 991 1438 1073 comparuit.

327 1097 403 1158 Item
429 1095 581 1158 Miheiich
606 1108 715 1157 contra
739 1096 827 1158 Puch
851 1096 953 1178 prima
978 1097 1132 1158 citacione
1160 1116 1225 1159 non
1250 1098 1439 1179 comparuit.

327 1204 405 1265 Item
430 1201 601 1265 Grdauech
618 1202 747 1284 iobagio
761 1202 889 1263 Martini
907 1215 1015 1264 contra
1033 1202 1194 1285 Philipum
1212 1203 1314 1285 prima
1328 1203 1483 1266 citacione

221 1329 285 1372 non
308 1310 497 1392 comparuit.

326 1416 405 1477 Item
427 1417 462 1478 Z.
487 1416 514 1478 J.
537 1429 651 1478 octavo
675 1416 726 1478 die
750 1415 943 1498 respondere
968 1429 1093 1477 tenetur
1116 1428 1226 1478 contra
1243 1415 1438 1480 ·Francham.

327 1524 405 1585 Item
431 1522 560 1606 Mathey
584 1523 624 1585 de
648 1523 799 1585 Pobresia
829 1535 939 1585 contra
963 1522 1176 1606 Meynardum
1200 1523 1304 1605 prima
1326 1523 1482 1586 citatione

221 1648 286 1691 non
311 1630 500 1713 comparuit.

326 1738 403 1798 Item
416 1737 461 1798 St.
475 1737 659 1799 filiusRadk
675 1750 784 1799 contra
799 1735 927 1798 Ancech
937 1736 1039 1818 prima
1047 1735 1275 1798 citacionenon
1292 1737 1481 1818 comparuit.

325 1845 403 1906 Item
413 1844 600 1906 Hermanko
614 1858 722 1906 contra
736 1844 872 1906 Paulum
886 1844 920 1907 Z.
934 1844 1037 1925 prima
1050 1843 1279 1905 citacIonenon
1292 1841 1481 1926 comparuit.

326 1952 403 2012 Item
427 1965 541 2013 octavo
565 1950 617 2013 die
634 1951 679 2013 St.
704 1950 913 2012 stacionarius
932 1962 1058 2012 tenetur
1081 1949 1242 2031 deponere
1266 1949 1481 2030 juramentum

218 2076 314 2140 super
337 2077 403 2120 uno
426 2057 543 2120 balteo.

325 2164 404 2226 Item
428 2164 633 2245 Laurencius,
664 2162 748 2225 filius
771 2162 904 2242 Warde,
934 2175 1044 2225 contra
1076 2161 1309 2225 Lanchelotum
1339 2164 1481 2226 secundo

218 2271 331 2333 citatus
355 2290 420 2332 non
448 2271 637 2353 comparuit.

326 2379 403 2440 Item
428 2377 558 2461 Endrey
593 2378 697 2439 dictus
727 2375 842 2439 Zuizth
873 2387 983 2438 contra
1007 2375 1134 2438 Petrum
1166 2375 1314 2458 Krapech
1337 2377 1480 2440 secundo

219 2486 331 2547 citatus
354 2504 419 2547 non
447 2485 636 2567 comparuit.

324 2592 402 2653 Item
426 2591 465 2654 N.
490 2591 530 2652 de
554 2590 723 2652 Branouch
759 2603 868 2652 contra
893 2588 1084 2651 Michaelem
1108 2587 1210 2650 filium
1234 2587 1399 2672 Valteryni
1431 2609 1479 2652 se-

219 2697 324 2760 cundo
354 2699 467 2760 citatus
490 2717 556 2760 non
580 2697 768 2779 comparuit.

324 2803 401 2866 Item
430 2803 567 2866 Mathias
591 2817 699 2866 contra
723 2803 859 2865 Paulum
883 2802 1025 2864 secundo
1057 2802 1170 2864 citatus
1199 2822 1265 2865 non
1289 2805 1478 2885 comparuit.

326 2911 404 2973 Item
429 2931 522 2974 causa
547 2930 610 2992 que
633 2911 764 2971 vertitur
796 2910 878 2971 inter
901 2909 1016 2970 Bokou
1048 2922 1078 2971 et
1103 2909 1147 2971 St.
1172 2908 1212 2970 ad
1244 2923 1317 2971 octo
1341 2909 1410 2972 dies
1433 2921 1479 2972 est

218 3032 399 3100 prorogata,
423 3019 474 3079 vel
499 3030 571 3100 post
593 3031 666 3079 octo
690 3015 758 3078 dies
780 3016 821 3077 ad
848 3016 988 3098 primum
1012 3015 1178 3096 judicium.

324 3124 402 3186 Item
427 3123 556 3206 Endrey
580 3123 620 3184 de
644 3121 795 3185 Pobresia
819 3136 928 3184 contra
957 3121 1086 3205 Endrey
1110 3122 1251 3185 secundo
1275 3123 1388 3186 citatus
1412 3143 1477 3186 non

217 3231 405 3313 comparuit.

325 3337 403 3398 Item
433 3335 625 3398 Benedictus
656 3333 750 3397 frater
780 3335 934 3397 Demetrii
965 3347 1090 3396 tenetur
1121 3348 1234 3398 octavo
1266 3335 1318 3398 die
1342 3337 1477 3399 aducere

217 3443 436 3506 testimonium
460 3462 516 3526 per
541 3443 576 3504 B.
597 3456 628 3504 et
653 3444 696 3504 M.
727 3442 891 3504 sellatores
923 3443 1027 3522 ineo,
1059 3442 1148 3524 quod
1172 3443 1206 3505 Z.
1231 3443 1290 3504 sibi
1314 3445 1476 3526 potencia·

217 3552 288 3614 liter
312 3551 482 3634 recepisset
506 3550 660 3631 gladium.

322 3658 400 3719 Item
432 3657 507 3739 quia
538 3656 657 3717 Paulus
688 3656 720 3717 in
753 3653 853 3737 figura
886 3654 996 3734 judicii
1027 3657 1126 3717 nostri
1158 3656 1349 3733 Iohannem,
1373 3655 1475 3719 filium

217 3764 398 3841 Laurencii,
422 3763 491 3825 vice
516 3762 614 3824 altera
638 3761 839 3844 vituperavit,
864 3761 938 3823 ideo
970 3761 1227 3824 deliberaverunt
1243 3762 1347 3842 jurati,
1371 3777 1405 3826 ut
1428 3784 1475 3827 se-

217 3870 358 3932 cundum
383 3869 471 3951 quod
495 3868 534 3930 de
559 3868 663 3950 primo
687 3869 846 3950 vituperio
869 3865 929 3929 fuit
946 3868 1134 3949 judicatum,
1157 3867 1197 3929 de
1222 3868 1278 3931 illo
1302 3869 1398 3950 judex
1416 3871 1475 3953 ipsi

217 3975 355 4038 Iohanni
380 3974 634 4038 satisfaccionem
666 3974 819 4057 inpendet
851 3994 888 4036 ex
919 3988 1006 4055 parte
1032 3975 1130 4055 ipsius
1161 3974 1264 4052 Pauli,
1289 3989 1319 4037 et
1342 3976 1418 4057 quia
1442 3976 1474 4039 in

215 4082 353 4164 presenti
377 4080 496 4163 judicio
516 4080 662 4142 similiter
678 4080 881 4162 vituperavit,
900 4079 974 4141 ideo
991 4079 1106 4142 eodem
1131 4080 1229 4142 modo
1247 4081 1411 4143 convictus
1429 4096 1475 4144 est

216 4189 247 4249 in
273 4188 392 4269 judicio
416 4188 468 4249 IIII
493 4181 671 4249 marcarum
687 4207 745 4269 pro
769 4200 857 4268 parte
881 4186 1012 4248 adversa
1029 4200 1060 4248 et
1083 4188 1115 4248 in
1132 4206 1196 4248 una
1220 4207 1279 4270 pro
1291 4187 1407 4252 iudice.

320 4295 397 4356 Item
429 4295 468 4357 N.
501 4293 648 4376 eratich
687 4314 746 4356 nec
784 4293 1010 4376 personaliter,
1041 4313 1099 4355 nec
1131 4292 1207 4354 Iuan
1244 4291 1347 4355 filium
1379 4295 1474 4377 Junk,

215 4400 373 4463 famulum
405 4420 510 4479 suum,
542 4401 581 4463 ad
612 4421 742 4484 presens
773 4400 928 4483 judicium
962 4414 1071 4464 contra
1103 4402 1141 4463 N.
1167 4399 1324 4463 famulum
1348 4400 1384 4465 N.
1416 4402 1473 4466 filii

215 4507 319 4589 Bolog
342 4507 383 4569 ad
407 4508 544 4590 primam
568 4508 758 4570 citacionem
779 4528 845 4569 non
868 4507 987 4569 statuit.

320 4615 397 4676 Item
421 4615 538 4677 Katrea
560 4614 676 4676 mulier
707 4629 820 4677 octavo
854 4615 905 4676 die
928 4627 1053 4676 tenetur
1084 4614 1305 4676 testimonium
1337 4615 1472 4678 aducere

215 4733 324 4783 contra
341 4720 538 4783 Domianum
554 4735 695 4783 sutorem
713 4740 769 4803 per
781 4720 965 4782 Emericum
983 4720 1105 4800 Koche,
1115 4721 1283 4782 Kurenum
1297 4733 1328 4782 et
1340 4740 1472 4784 uxorem

217 4825 256 4890 G.
281 4827 374 4908 Zuik,
397 4847 537 4892 necnon
563 4841 594 4894 et
617 4827 747 4910 Endrey
773 4825 964 4890 carnificem.
