3488 5250
610 330 696 387 Anno
719 327 809 407 1565.
833 364 876 373 -
899 327 952 390 26.
975 331 1056 390 maii.
1407 349 1467 411 ²75

207 435 403 442 ——..-—

314 539 392 600 Item
417 538 616 620 Dampianus
639 552 728 599 sutor
751 550 860 599 contra
884 537 986 600 filium
1005 538 1151 620 Krapech
1175 538 1216 600 ad
1240 552 1314 601 octo
1338 538 1406 603 dies
1423 561 1470 601 re·

208 644 292 726 cepit
315 644 488 705 terminum
513 642 552 704 ad
578 642 850 723 respondendum.

313 768 393 830 Item
423 780 537 830 octavo
571 766 623 827 die
659 767 803 828 Andreas
834 766 923 828 faber
955 780 1064 829 contra
1098 769 1206 850 Matey
1242 782 1382 830 sutorem
1416 787 1472 850 per

209 873 329 935 Trosth
354 889 384 935 et
408 873 453 935 St.
477 872 700 935 testimonium
723 892 820 955 super
843 892 909 934 uno
933 871 1002 935 flor.
1027 873 1203 954 producere
1227 872 1332 935 debet.

314 979 393 1042 item
418 997 511 1040 causa
537 998 599 1058 que
616 979 749 1040 vertitur
766 978 848 1041 inter
872 977 954 1040 duos
971 978 1163 1042 ioculatores
1180 993 1226 1041 est
1250 978 1291 1041 ad
1314 992 1387 1041 octo
1405 979 1472 1041 dies

209 1104 265 1166 per
288 1099 384 1146 testes
408 1084 448 1145 ad
472 1103 583 1164 pacem
614 1097 794 1165 prorogata.

212 1235 219 1243 ·
319 1207 398 1269 item
422 1207 497 1288 quia
530 1208 668 1268 Jacobus
692 1207 766 1268 Kun
798 1220 912 1268 octavo
944 1207 996 1268 die
1019 1207 1083 1287 jam
1114 1209 1265 1288 preterito
1295 1208 1473 1270 secundum

210 1312 487 1390 adjudicacionem
513 1312 689 1393 juratorum
713 1332 745 1374 se
778 1313 937 1374 secundus
968 1328 1077 1375 contra
1112 1313 1312 1396 Merclynum
1342 1314 1382 1376 de
1415 1316 1473 1377 Za-

212 1419 329 1485 mobor
352 1438 447 1500 super
471 1437 521 1497 eo,
539 1417 627 1499 quod
652 1418 813 1499 quendam
831 1437 925 1479 suum
947 1417 1152 1500 jobagionem
1169 1432 1297 1501 captum
1322 1438 1387 1481 non
1404 1439 1474 1502 per-

212 1524 353 1602 cusisset,
377 1544 436 1590 nec
459 1523 571 1585 domui
597 1523 696 1605 ipsius
719 1523 874 1605 Merclyni
899 1522 1032 1604 aliquod
1050 1523 1189 1585 dedecus
1214 1524 1385 1588 intullisset
1408 1544 1473 1587 non

211 1629 361 1712 deposuit
385 1629 612 1709 juramentum,
636 1628 710 1690 ideo
740 1628 845 1711 primo
877 1643 986 1690 contra
1011 1629 1116 1710 ipsum
1148 1629 1223 1691 dicti
1248 1629 1404 1714 Merclyni
1428 1630 1475 1711 jo-

212 1735 386 1817 bagionem
410 1736 441 1796 in
459 1732 531 1797 'una
556 1754 661 1801 marca
686 1734 814 1796 racione
830 1733 1044 1815 percussionis
1061 1747 1091 1794 et
1115 1734 1148 1795 in
1168 1735 1273 1796 media
1290 1734 1399 1816 judici,
1416 1756 1474 1798 nec

211 1860 277 1904 non
301 1855 411 1903 contra
436 1841 539 1922 ipsum
558 1841 771 1923 Merclynum,
795 1839 893 1901 veluti
906 1840 961 1901 cui
979 1839 1118 1902 dedecus
1141 1840 1282 1902 noscitur
1295 1842 1474 1923 pertulisse,

213 1947 244 2008 in
269 1946 394 2008 duabus
427 1946 541 2007 marcis
572 1958 602 2007 et
634 1944 731 2025 judici
757 1945 789 2005 in
819 1944 925 2006 media
949 1963 1004 2008 ore
1037 1944 1150 2025 judicis
1181 1959 1228 2006 est
1251 1960 1419 2027 agravatus
1442 1947 1474 2008 in

213 2052 385 2133 quindenis
409 2051 614 2114 exsolvenda.

317 2150 395 2219 Item
419 2158 526 2219 Paulis
549 2156 645 2238 judex
669 2157 700 2218 in
726 2157 898 2239 quindenis
933 2156 1029 2218 debet
1055 2171 1192 2220 statuere
1228 2157 1391 2239 quendam
1418 2158 1475 2220 ho·

214 2264 335 2325 minem
367 2283 464 2345 quern
489 2263 528 2324 de
559 2263 696 2325 vinculis
728 2262 990 2328 caucionabiliter
1021 2264 1138 2325 exemit
1169 2278 1278 2326 contra
1302 2264 1477 2346 quemdam

214 2367 448 2431 Carintianum.

319 2475 397 2537 Item
414 2489 527 2536 octavo
545 2474 596 2535 die
615 2475 771 2535 Martinus
786 2474 953 2561 Wlkouoy
971 2488 1080 2536 contra
1099 2475 1205 2558 Matey
1226 2474 1477 2559 fratremVanse

213 2579 330 2662 jurabit
354 2580 386 2642 in
411 2599 476 2661 quo
500 2580 608 2661 precio
633 2581 736 2641 carius
752 2577 859 2660 fruges
875 2593 1020 2661 tempore
1046 2580 1090 2643 St.
1108 2580 1223 2662 judicis
1246 2582 1477 2646 vendebantur.

450 2814 547 2888 Faria
575 2824 673 2887 sexta
702 2822 780 2887 ante
807 2823 951 2888 octavas
982 2817 1226 2897 Pentbecostes.

754 2983 818 3062 (26.
843 2986 936 3064 maii).

324 3144 432 3205 Primo
457 3145 567 3205 Maren
585 3157 696 3205 contra
712 3144 903 3226 Jurglynum
929 3144 967 3206 ad
985 3157 1058 3206 octo
1075 3145 1144 3207 dies
1168 3146 1287 3232 recepit
1303 3147 1477 3208 terminum

215 3251 255 3313 ad
281 3251 554 3332 respondendum.

321 3357 398 3418 Item
423 3357 533 3418 Petrus
556 3355 642 3417 filius
665 3357 742 3417 Iuan
767 3372 877 3420 contra
894 3358 1023 3418 Petrum
1039 3355 1233 3420 frenatorem
1257 3358 1297 3418 ad
1319 3373 1392 3419 octo
1410 3357 1479 3419 dies

216 3463 335 3544 recepit
357 3463 530 3524 terminum
555 3463 594 3523 ad
622 3463 897 3544 respondendum.
1560 3444 1564 3451 ¹

321 3567 400 3628 Item
425 3587 518 3629 causa
536 3568 623 3649 Span
648 3582 678 3629 et
702 3568 810 3629 Petres
827 3567 983 3630 carnificis
1007 3583 1053 3630 est
1070 3569 1110 3630 ad
1127 3583 1200 3632 octo
1226 3569 1294 3630 dies
1306 3569 1350 3630 ad
1369 3589 1479 3649 pacem

218 3686 398 3755 prorogata.
759 3741 760 3745 ,

323 3779 400 3840 Item
426 3792 540 3840 octavo
565 3778 617 3841 die
634 3780 787 3841 Nicolaus
803 3778 967 3860 quondam
991 3779 1086 3860 judex
1111 3778 1228 3860 jurabit
1245 3792 1353 3841 contra
1371 3780 1482 3841 Mareu

217 3903 312 3967 super
336 3903 400 3946 una
424 3904 540 3961 marca,
564 3885 653 3966 quod
678 3904 748 3947 eam
772 3886 832 3946 sibi
857 3904 922 3946 non
948 3885 1090 3960 dederit;
1115 3904 1173 3946 nec
1197 3904 1263 3970 non
1288 3884 1404 3945 eodem
1429 3884 1481 3947 die

219 3988 285 4068 ipse
311 3991 419 4050 Maren
445 4003 554 4051 contra
579 3990 685 4071 ipsum
709 3990 879 4053 Nicolaum
909 3990 1046 4052 condam
1064 3990 1203 4072 judicem
1228 4009 1283 4071 per
1310 3990 1483 4051 Krauturm

219 4109 249 4156 et
266 4094 394 4176 Endrey
413 4094 513 4156 filium
534 4096 641 4178 Matey
655 4096 877 4158 testimonium
890 4116 985 4178 super
1001 4096 1167 4178 vituperiis
1184 4096 1361 4176 producere
1377 4096 1482 4159 debet.

324 4218 402 4280 Item
428 4218 602 4300 Jurglynus
626 4234 735 4280 contra
761 4219 887 4281 Malech
913 4218 1085 4302 pellificem
1111 4220 1150 4280 ad
1175 4233 1247 4280 octo
1273 4218 1341 4279 dies
1365 4220 1484 4300 recepit

218 4323 390 4383 terminum
415 4323 455 4383 ad
480 4324 752 4404 respondendum.

324 4428 402 4490 item
427 4448 520 4490 causa
547 4428 676 4491 Andree
700 4429 782 4492 fabri
807 4445 838 4492 et
858 4430 1013 4492 iohannis
1036 4432 1165 4492 sartoris
1189 4451 1245 4512 per
1262 4445 1356 4493 testes
1381 4447 1427 4493 est
1443 4432 1483 4492 ad

219 4547 291 4595 octo
316 4534 384 4594 dies
408 4534 447 4595 ad
472 4554 584 4615 pacem
609 4550 789 4616 prorogata.

324 4657 402 4719 ltem
436 4677 528 4719 causa
561 4658 705 4722 eiusdem
739 4660 872 4720 Andree
899 4673 929 4721 et
953 4660 1061 4742 Matey
1093 4675 1139 4721 est
1170 4659 1210 4721 ad
1243 4674 1316 4722 octo
1341 4661 1409 4721 dies
1443 4661 1483 4721 ad

219 4779 331 4842 pacem
356 4776 536 4843 prorogata.
1426 4821 1431 4828 .

1379 4852 1396 4881 ἢ
