3488 5250
652 301 739 359 Anno
762 298 851 377 1356.
876 335 919 345 —
943 313 990 378 17.
1007 304 1101 378 junii.

351 509 427 570 Item
455 511 498 571 M.
524 510 684 571 Leunardi
709 525 818 572 contra
843 512 1023 574 Marketum
1048 512 1153 594 primo
1177 511 1297 593 judIcio
1321 525 1447 574 tenetur
1463 531 1511 574 re-

244 613 414 695 spondere.

352 737 430 798 Item
455 737 573 800 Paulus
597 737 686 800 faber
721 753 831 802 contra
854 741 932 801 Pere
956 741 1061 822 prImo
1094 741 1206 802 citatus
1230 760 1295 802 non
1321 741 1510 824 comparuit.

351 860 430 921 Item
459 859 544 922 filius
573 861 725 924 WIcheni
757 877 866 925 contra
897 862 999 925 filium
1030 864 1107 925 Petk
1135 862 1277 925 secundo
1310 864 1423 926 citatus
1445 883 1510 925 non

247 967 436 1047 comparuit.

352 1088 431 1150 Item
455 1090 555 1151 Brnar
579 1104 688 1153 contra
713 1092 887 1153 Hudzmok
911 1092 1016 1173 primo
1041 1092 1154 1154 citatus
1187 1112 1252 1154 non
1277 1092 1457 1173 comparuit
1481 1105 1512 1154 et

247 1192 294 1254 St.
318 1208 429 1256 contra
453 1215 527 1257 eum
552 1210 666 1258 octavo
690 1196 743 1258 die
767 1212 892 1260 tenetur
915 1196 1120 1280 respondere.

352 1299 432 1361 Item
456 1300 522 1362 filia
546 1303 674 1385 Kuppe‚
698 1323 778 1365 uxor
802 1305 841 1366 N.
871 1302 1016 1364 Pezdech
1042 1319 1072 1365 et
1096 1303 1158 1365 alia
1190 1317 1299 1364 contra
1324 1303 1512 1384 Drugenum

244 1404 352 1487 prImo
377 1407 470 1469 citate
503 1427 568 1468 non
601 1423 860 1491 comparuerunt.

353 1529 431 1591 Item
456 1531 576 1614 Wythe
601 1546 702 1594 sartor
726 1547 836 1595 contra
852 1533 958 1594 Frlich
981 1534 1086 1615 primo
1104 1534 1216 1595 citatus
1233 1551 1298 1594 non
1323 1531 1512 1613 comparuit.

354 1655 432 1716 Item
457 1655 603 1718 Nedelko
629 1669 660 1718 et
684 1655 811 1717 Mikech
828 1671 937 1718 contra
962 1657 1133 1719 Iuerenum
1156 1656 1362 1738 jobagiouem
1387 1655 1511 1719 domini

249 1759 334 1822 Petri
358 1761 478 1842 Ligerii
501 1761 606 1843 primo
630 1763 716 1824 citati
741 1782 806 1823 non
832 1776 1090 1844 comparuerunt.

355 1884 433 1945 Item
458 1884 678 1947 adiudicatum
703 1901 760 1963 est,
783 1900 819 1947 ut
844 1885 931 1948 Otho
955 1905 1122 1966 nunquam
1146 1886 1246 1968 possit
1269 1885 1393 1968 aliquid
1416 1905 1510 1967 agere

249 2002 359 2050 contra
375 1988 512 2070 Artuigh
541 1991 600 2051 nisi
632 1991 810 2053 secundum
842 1992 931 2073 quod
948 1992 1025 2074 juris
1042 2006 1099 2072 est,
1123 2012 1141 2054 a
1164 1993 1323 2075 prIncipio
1352 1992 1511 2054 iusticiam

250 2113 384 2175 querere
409 2094 548 2160 debebit.

355 2216 433 2278 Item
458 2218 562 2279 Pousa
593 2231 703 2280 contra
728 2220 872 2281 Marcum
904 2220 1131 2282 stacionarium
1162 2220 1267 2302 prImo
1299 2219 1413 2281 citatus
1444 2238 1508 2281 non

251 2323 440 2404 comparuit.

356 2446 434 2507 Item
458 2446 569 2508 Punek
593 2461 702 2509 contra
720 2448 796 2510 Iuan
821 2448 959 2511 condam
983 2448 1123 2529 judicem
1147 2461 1261 2510 octavo
1285 2449 1336 2510 die
1360 2461 1426 2510 met
1443 2467 1513 2530 sep·

250 2550 347 2612 timus
369 2565 496 2614 tenetur
519 2552 680 2635 deponere
704 2553 930 2634 juramentum.

356 2660 435 2722 Item
460 2680 553 2722 causa
577 2681 640 2742 que
657 2662 789 2724 vertitur
805 2663 888 2723 inter
904 2661 1105 2723 Demetrium
1123 2674 1154 2722 et
1169 2660 1344 2742 quemdam
1360 2660 1512 2722 clericum

251 2779 299 2827 est
320 2780 491 2847 prorogata
515 2767 555 2827 ad
578 2767 720 2848 primum
744 2766 910 2846 judicium.

357 2891 436 2953 Item
460 2910 540 2953 uxor
564 2891 709 2952 Plahtich
727 2905 836 2954 contra
853 2892 996 2953 Kussech
1013 2890 1152 2971 juratum
1168 2890 1313 2952 convicta
1338 2904 1384 2952 est
1408 2890 1441 2950 in
1458 2889 1511 2950 IIII

252 2997 366 3057 marcis
390 3010 421 3058 et
445 2995 543 3077 iudici
568 2996 600 3057 in
625 3016 699 3058 una.

358 3102 436 3164 Item
460 3122 554 3164 causa
578 3102 663 3164 Petri
687 3101 744 3163 filii
768 3102 924 3164 VaIterini
942 3115 973 3164 et
996 3101 1150 3163 Iohannis
1174 3100 1307 3163 Barbaci
1332 3115 1379 3162 est
1402 3120 1512 3184 proro-

252 3221 325 3289 gata
349 3207 388 3268 ad
421 3220 549 3268 octavas
581 3206 738 3268 adventus
769 3208 818 3269 sui
842 3206 882 3268 de
914 3207 1053 3268 exercitu
1085 3220 1116 3268 et
1148 3206 1278 3268 debebit
1303 3225 1374 3267 cum
1400 3196 1559 3288 viginti⁰

253 3313 397 3395 quinque
420 3312 567 3395 personis
589 3333 622 3373 se
647 3312 760 3395 (sexto)
784 3313 843 3395 ipsi
867 3314 962 3374 Petro
987 3312 1135 3375 salutare.

358 3434 436 3498 Item
460 3436 652 3498 Benedictus
676 3437 789 3498 Braich
813 3450 844 3498 et
876 3437 1038 3498 Iohannes
1069 3435 1152 3498 filius
1185 3435 1345 3498 ChristIne
1378 3435 1515 3497 convicti

254 3555 328 3604 sunt
351 3541 488 3623 quilibet
519 3562 631 3604 eorum
656 3542 688 3603 in
711 3543 812 3603 tribus
833 3543 941 3624 pensis
972 3542 1136 3604 solvendis
1166 3541 1276 3622 juratis
1308 3554 1421 3603 octavo
1453 3540 1516 3620 die,

253 3649 319 3709 sive
343 3667 419 3708 vero
444 3649 511 3729 ipse
536 3648 571 3710 B.
597 3649 629 3709 in
646 3649 784 3710 termino
805 3648 949 3730 predicto
974 3648 1073 3710 dictas
1089 3647 1128 3708 III
1152 3667 1267 3730 pensas
1284 3667 1349 3708 nou
1373 3646 1515 3726 solverit,

252 3767 329 3814 tunc
353 3753 454 3814 tribus
479 3753 592 3815 diebus
616 3754 649 3815 in
674 3753 747 3835 cipo
771 3754 977 3815 detinebitur.

360 3876 437 3938 Item
463 3877 551 3938 Otho
576 3891 686 3939 contra
711 3877 834 3938 Henrih
858 3875 1029 3958 pellificem
1062 3876 1094 3936 in
1119 3876 1258 3957 presenti
1282 3874 1402 3956 iudicio
1426 3888 1516 3936 tene-

255 3984 346 4043 batur
369 3983 589 4044 testimonium
614 3982 791 4064 producere
815 3996 846 4044 et
877 4001 942 4043 non
974 3980 1135 4064 produxit,
1168 3995 1199 4042 et
1229 3980 1303 4041 ideo
1327 3999 1386 4062 pro
1409 3978 1516 4062 judice

255 4088 420 4149 convictus
443 4102 489 4149 est
512 4089 545 4149 in
568 4090 669 4150 tribus
693 4089 810 4169 pensis,
835 4102 866 4149 et
890 4102 999 4149 contra
1016 4087 1121 4169 ipsum
1135 4086 1313 4147 Henricum
1330 4087 1362 4148 In
1388 4085 1517 4147 ammis-

255 4193 344 4254 sione
369 4213 462 4255 cause
488 4195 563 4273 quia
587 4214 645 4256 nec
669 4194 757 4255 venit
781 4214 839 4255 nec
864 4194 959 4255 misit.

361 4317 437 4377 Item
464 4337 556 4378 causa
582 4337 643 4398 que
669 4317 801 4378 vertitur
837 4318 919 4378 inter
951 4317 1080 4378 Petrum
1111 4330 1264 4378 sartorem
1289 4330 1319 4378 et
1343 4314 1518 4397 quemdam

255 4419 460 4502 iobagionem
486 4421 651 4483 Michaelis
676 4421 821 4503 Hungari
846 4436 892 4483 est
921 4435 1090 4504 prorogata
1122 4421 1161 4483 ad
1186 4421 1327 4502 primum
1351 4420 1518 4500 judicium.

362 4543 439 4605 Item
464 4564 557 4606 causa
580 4544 806 4626 produccionis
835 4545 964 4607 testium
993 4564 1051 4625 per
1074 4545 1237 4605 Andream
1269 4543 1384 4604 Pulani
1408 4555 1518 4604 contra

256 4665 389 4710 uxorem
413 4649 452 4712 N.
479 4650 608 4711 sartoris
632 4662 678 4711 est
702 4663 873 4730 prorogata
897 4649 938 4711 ad
966 4649 1107 4732 primum
1131 4649 1287 4730 judicium
1312 4661 1343 4710 et
1365 4661 1441 4709 tuuc
1456 4660 1518 4709 tes·

256 4751 376 4816 tihcare
398 4754 561 4818 tenebitur
584 4774 641 4837 per
664 4753 763 4815 filiam
792 4755 921 4816 MartIni
953 4754 1107 4816 institoris
1139 4767 1170 4816 et
1193 4753 1293 4825 filiam
1317 4752 1518 4836 Pintikachy.
