<?xml version="1.0" encoding="UTF-8"?>
<!DOCTYPE html PUBLIC "-//W3C//DTD XHTML 1.0 Transitional//EN"
    "http://www.w3.org/TR/xhtml1/DTD/xhtml1-transitional.dtd">
<html xmlns="http://www.w3.org/1999/xhtml" xml:lang="en" lang="en">
 <head>
  <title>
</title>
<meta http-equiv="Content-Type" content="text/html;charset=utf-8" />
  <meta name='ocr-system' content='tesseract 3.04.00' />
  <meta name='ocr-capabilities' content='ocr_page ocr_carea ocr_par ocr_line ocrx_word'/>
</head>
<body>
  <div class='ocr_page' id='page_1' title='image "./monumentahistor08laszgoog/monumentahistor08laszgoog_0391.png"; bbox 0 0 3488 5250; ppageno 0'>
   <div class='ocr_carea' id='block_1_1' title="bbox 239 362 1107 443">
    <p class='ocr_par' dir='ltr' id='par_1_1' title="bbox 239 362 1107 443">
     <span class='ocr_line' id='line_1_1' title="bbox 239 362 1107 443; baseline 0.005 -21"><span class='ocrx_word' id='word_1_1' title='bbox 239 379 300 443; x_wconf 79' lang='lat'>34²</span> <span class='ocrx_word' id='word_1_2' title='bbox 634 362 833 441; x_wconf 73' lang='lat' dir='ltr'>Anm1365.</span> <span class='ocrx_word' id='word_1_3' title='bbox 858 397 901 410; x_wconf 89' lang='lat'>-</span> <span class='ocrx_word' id='word_1_4' title='bbox 918 378 953 443; x_wconf 77' lang='lat'>3.</span> <span class='ocrx_word' id='word_1_5' title='bbox 978 367 1107 427; x_wconf 75' lang='lat' dir='ltr'>ortobn&#39;r.</span> 
     </span>
    </p>
   </div>
   <div class='ocr_carea' id='block_1_2' title="bbox 237 571 1505 972">
    <p class='ocr_par' dir='ltr' id='par_1_2' title="bbox 237 571 1505 972">
     <span class='ocr_line' id='line_1_2' title="bbox 342 571 1503 660; baseline 0.005 -27"><span class='ocrx_word' id='word_1_6' title='bbox 342 571 421 634; x_wconf 78' lang='lat' dir='ltr'>itam</span> <span class='ocrx_word' id='word_1_7' title='bbox 446 572 591 635; x_wconf 72' lang='lat' dir='ltr'>Andrean</span> <span class='ocrx_word' id='word_1_8' title='bbox 614 571 716 653; x_wconf 82' lang='lat' dir='ltr'>labar,</span> <span class='ocrx_word' id='word_1_9' title='bbox 740 573 879 637; x_wconf 85' lang='lat' dir='ltr'>Michael</span> <span class='ocrx_word' id='word_1_10' title='bbox 902 573 992 637; x_wconf 82' lang='lat' dir='ltr'>faber</span> <span class='ocrx_word' id='word_1_11' title='bbox 1014 589 1047 637; x_wconf 85' lang='lat' dir='ltr'>et</span> <span class='ocrx_word' id='word_1_12' title='bbox 1068 574 1154 637; x_wconf 73' lang='lat' dir='ltr'>filius</span> <span class='ocrx_word' id='word_1_13' title='bbox 1177 580 1286 660; x_wconf 82' lang='lat' dir='ltr'>Arnay</span> <span class='ocrx_word' id='word_1_14' title='bbox 1310 577 1426 639; x_wconf 82' lang='lat' dir='ltr'>sutoria</span> <span class='ocrx_word' id='word_1_15' title='bbox 1450 576 1503 639; x_wconf 90' lang='lat' dir='ltr'>dic</span> 
     </span>
     <span class='ocr_line' id='line_1_3' title="bbox 237 677 1505 764; baseline 0.005 -26"><span class='ocrx_word' id='word_1_16' title='bbox 237 688 352 739; x_wconf 84' lang='lat' dir='ltr'>octavo</span> <span class='ocrx_word' id='word_1_17' title='bbox 376 677 495 740; x_wconf 83' lang='lat' dir='ltr'>debent</span> <span class='ocrx_word' id='word_1_18' title='bbox 517 678 704 740; x_wconf 83' lang='lat' dir='ltr'>testimonio</span> <span class='ocrx_word' id='word_1_19' title='bbox 728 682 939 762; x_wconf 89' lang='lat' dir='ltr'>comprobare</span> <span class='ocrx_word' id='word_1_20' title='bbox 956 700 1030 743; x_wconf 92' lang='lat' dir='ltr'>cum</span> <span class='ocrx_word' id='word_1_21' title='bbox 1052 681 1188 744; x_wconf 91' lang='lat' dir='ltr'>Nicolao</span> <span class='ocrx_word' id='word_1_22' title='bbox 1212 679 1315 761; x_wconf 81' lang='lat' dir='ltr'>fabro,</span> <span class='ocrx_word' id='word_1_23' title='bbox 1339 681 1505 764; x_wconf 80' lang='lat' dir='ltr'>Stephano</span> 
     </span>
     <span class='ocr_line' id='line_1_4' title="bbox 237 780 1504 849; baseline 0.004 -5"><span class='ocrx_word' id='word_1_24' title='bbox 237 780 333 845; x_wconf 83' lang='lat' dir='ltr'>fratre</span> <span class='ocrx_word' id='word_1_25' title='bbox 359 782 523 844; x_wconf 88' lang='lat' dir='ltr'>Lourandi</span> <span class='ocrx_word' id='word_1_26' title='bbox 556 792 588 846; x_wconf 86' lang='lat' dir='ltr'>et</span> <span class='ocrx_word' id='word_1_27' title='bbox 620 784 786 847; x_wconf 82' lang='lat' dir='ltr'>Marronoa</span> <span class='ocrx_word' id='word_1_28' title='bbox 816 785 967 848; x_wconf 78' lang='lat' dir='ltr'>aellatore</span> <span class='ocrx_word' id='word_1_29' title='bbox 999 799 1108 849; x_wconf 85' lang='lat' dir='ltr'>contra</span> <span class='ocrx_word' id='word_1_30' title='bbox 1140 786 1317 849; x_wconf 82' lang='lat' dir='ltr'>Hauricum</span> <span class='ocrx_word' id='word_1_31' title='bbox 1348 801 1504 849; x_wconf 73' lang='lat' dir='ltr'>sartorem</span> 
     </span>
     <span class='ocr_line' id='line_1_5' title="bbox 237 889 689 972; baseline 0.002 -21"><span class='ocrx_word' id='word_1_32' title='bbox 237 909 332 972; x_wconf 84' lang='lat' dir='ltr'>auper</span> <span class='ocrx_word' id='word_1_33' title='bbox 355 889 439 952; x_wconf 84' lang='lat' dir='ltr'>facto</span> <span class='ocrx_word' id='word_1_34' title='bbox 463 891 689 972; x_wconf 86' lang='lat' dir='ltr'>percussionis.</span> 
     </span>
    </p>
   </div>
   <div class='ocr_carea' id='block_1_3' title="bbox 236 1011 1504 1625">
    <p class='ocr_par' dir='ltr' id='par_1_3' title="bbox 236 1011 1504 1309">
     <span class='ocr_line' id='line_1_6' title="bbox 343 1011 1504 1098; baseline 0.004 -24"><span class='ocrx_word' id='word_1_35' title='bbox 343 1012 421 1075; x_wconf 80' lang='lat' dir='ltr'>irem</span> <span class='ocrx_word' id='word_1_36' title='bbox 446 1012 606 1075; x_wconf 83' lang='lat' dir='ltr'>Henrlcur</span> <span class='ocrx_word' id='word_1_37' title='bbox 621 1023 723 1075; x_wconf 76' lang='lat' dir='ltr'>sartor</span> <span class='ocrx_word' id='word_1_38' title='bbox 739 1011 792 1076; x_wconf 85' lang='lat' dir='ltr'>dle</span> <span class='ocrx_word' id='word_1_39' title='bbox 809 1028 924 1076; x_wconf 82' lang='lat' dir='ltr'>octavo</span> <span class='ocrx_word' id='word_1_40' title='bbox 941 1015 1088 1077; x_wconf 72' lang='lat' dir='ltr'>similiter</span> <span class='ocrx_word' id='word_1_41' title='bbox 1104 1014 1201 1078; x_wconf 83' lang='lat' dir='ltr'>debet</span> <span class='ocrx_word' id='word_1_42' title='bbox 1223 1015 1400 1098; x_wconf 82' lang='lat' dir='ltr'>producere</span> <span class='ocrx_word' id='word_1_43' title='bbox 1416 1016 1504 1079; x_wconf 82' lang='lat' dir='ltr'>teati-</span> 
     </span>
     <span class='ocr_line' id='line_1_7' title="bbox 237 1118 1503 1206; baseline 0.002 -25"><span class='ocrx_word' id='word_1_44' title='bbox 237 1120 385 1182; x_wconf 89' lang='lat' dir='ltr'>monium</span> <span class='ocrx_word' id='word_1_45' title='bbox 409 1133 518 1182; x_wconf 89' lang='lat' dir='ltr'>contra</span> <span class='ocrx_word' id='word_1_46' title='bbox 549 1119 713 1182; x_wconf 81' lang='lat' dir='ltr'>Andrcam</span> <span class='ocrx_word' id='word_1_47' title='bbox 744 1118 887 1200; x_wconf 78' lang='lat' dir='ltr'>fabrum,</span> <span class='ocrx_word' id='word_1_48' title='bbox 912 1121 1104 1184; x_wconf 84' lang='lat' dir='ltr'>Michaelem</span> <span class='ocrx_word' id='word_1_49' title='bbox 1129 1135 1160 1184; x_wconf 92' lang='lat' dir='ltr'>et</span> <span class='ocrx_word' id='word_1_50' title='bbox 1191 1120 1294 1184; x_wconf 90' lang='lat' dir='ltr'>filium</span> <span class='ocrx_word' id='word_1_51' title='bbox 1318 1123 1428 1206; x_wconf 75' lang='lat' dir='ltr'>Arnay</span> <span class='ocrx_word' id='word_1_52' title='bbox 1451 1140 1503 1184; x_wconf 83' lang='lat' dir='ltr'>ru·</span> 
     </span>
     <span class='ocr_line' id='line_1_8' title="bbox 236 1223 1394 1309; baseline 0.003 -22"><span class='ocrx_word' id='word_1_53' title='bbox 236 1225 411 1288; x_wconf 84' lang='lat' dir='ltr'>toriacum</span> <span class='ocrx_word' id='word_1_54' title='bbox 435 1225 535 1287; x_wconf 85' lang='lat' dir='ltr'>Trost</span> <span class='ocrx_word' id='word_1_55' title='bbox 557 1235 589 1287; x_wconf 84' lang='lat' dir='ltr'>et</span> <span class='ocrx_word' id='word_1_56' title='bbox 611 1224 762 1288; x_wconf 87' lang='lat' dir='ltr'>Pertoldo</span> <span class='ocrx_word' id='word_1_57' title='bbox 785 1223 957 1308; x_wconf 76' lang='lat' dir='ltr'>loquitatio</span> <span class='ocrx_word' id='word_1_58' title='bbox 984 1241 1080 1309; x_wconf 84' lang='lat' dir='ltr'>anper</span> <span class='ocrx_word' id='word_1_59' title='bbox 1104 1225 1188 1309; x_wconf 82' lang='lat' dir='ltr'>lacto</span> <span class='ocrx_word' id='word_1_60' title='bbox 1212 1227 1394 1290; x_wconf 85' lang='lat' dir='ltr'>vulnerum.</span> 
     </span>
    </p>

    <p class='ocr_par' dir='ltr' id='par_1_4' title="bbox 237 1328 1503 1625">
     <span class='ocr_line' id='line_1_9' title="bbox 344 1328 1503 1415; baseline 0.003 -22"><span class='ocrx_word' id='word_1_61' title='bbox 344 1328 422 1393; x_wconf 87' lang='lat' dir='ltr'>item</span> <span class='ocrx_word' id='word_1_62' title='bbox 446 1350 574 1393; x_wconf 81' lang='lat' dir='ltr'>caucam</span> <span class='ocrx_word' id='word_1_63' title='bbox 606 1331 688 1393; x_wconf 91' lang='lat' dir='ltr'>inter</span> <span class='ocrx_word' id='word_1_64' title='bbox 718 1331 845 1394; x_wconf 83' lang='lat' dir='ltr'>Criatan</span> <span class='ocrx_word' id='word_1_65' title='bbox 877 1346 908 1393; x_wconf 88' lang='lat' dir='ltr'>et</span> <span class='ocrx_word' id='word_1_66' title='bbox 931 1333 1014 1395; x_wconf 89' lang='lat' dir='ltr'>Zore</span> <span class='ocrx_word' id='word_1_67' title='bbox 1038 1353 1100 1415; x_wconf 91' lang='lat' dir='ltr'>que</span> <span class='ocrx_word' id='word_1_68' title='bbox 1132 1334 1265 1395; x_wconf 86' lang='lat' dir='ltr'>vertitur</span> <span class='ocrx_word' id='word_1_69' title='bbox 1282 1380 1290 1396; x_wconf 97' lang='lat'>.</span> <span class='ocrx_word' id='word_1_70' title='bbox 1307 1380 1342 1396; x_wconf 91' lang='lat'>..</span> <span class='ocrx_word' id='word_1_71' title='bbox 1366 1333 1503 1396; x_wconf 80' lang='lat' dir='ltr'>eandem</span> 
     </span>
     <span class='ocr_line' id='line_1_10' title="bbox 238 1434 1448 1520; baseline 0.005 -23"><span class='ocrx_word' id='word_1_72' title='bbox 238 1434 401 1498; x_wconf 84' lang='lat' dir='ltr'>detinebat</span> <span class='ocrx_word' id='word_1_73' title='bbox 425 1451 456 1499; x_wconf 82' lang='lat' dir='ltr'>et</span> <span class='ocrx_word' id='word_1_74' title='bbox 479 1436 693 1502; x_wconf 77' lang='lat' dir='ltr'>interdixit..</span> <span class='ocrx_word' id='word_1_75' title='bbox 717 1436 758 1499; x_wconf 88' lang='lat' dir='ltr'>ad</span> <span class='ocrx_word' id='word_1_76' title='bbox 790 1437 931 1520; x_wconf 90' lang='lat' dir='ltr'>primum</span> <span class='ocrx_word' id='word_1_77' title='bbox 955 1438 1111 1519; x_wconf 86' lang='lat' dir='ltr'>judicium</span> <span class='ocrx_word' id='word_1_78' title='bbox 1144 1438 1300 1501; x_wconf 81' lang='lat' dir='ltr'>adventur</span> <span class='ocrx_word' id='word_1_79' title='bbox 1324 1439 1448 1501; x_wconf 88' lang='lat' dir='ltr'>domini</span> 
     </span>
     <span class='ocr_line' id='line_1_11' title="bbox 237 1541 798 1625; baseline 0.004 -22"><span class='ocrx_word' id='word_1_80' title='bbox 237 1541 351 1623; x_wconf 89' lang='lat' dir='ltr'>judicis</span> <span class='ocrx_word' id='word_1_81' title='bbox 375 1542 525 1605; x_wconf 80' lang='lat' dir='ltr'>duximus</span> <span class='ocrx_word' id='word_1_82' title='bbox 550 1543 798 1625; x_wconf 81' lang='lat' dir='ltr'>prorogandam.</span> 
     </span>
    </p>
   </div>
   <div class='ocr_carea' id='block_1_4' title="bbox 164 1658 1504 2912">
    <p class='ocr_par' dir='ltr' id='par_1_5' title="bbox 236 1658 1504 2047">
     <span class='ocr_line' id='line_1_12' title="bbox 345 1658 1504 1749; baseline 0.001 -22"><span class='ocrx_word' id='word_1_83' title='bbox 345 1658 423 1727; x_wconf 88' lang='lat' dir='ltr'>item</span> <span class='ocrx_word' id='word_1_84' title='bbox 446 1675 542 1729; x_wconf 83' lang='lat' dir='ltr'>testea</span> <span class='ocrx_word' id='word_1_85' title='bbox 566 1661 683 1744; x_wconf 78' lang='lat' dir='ltr'>Petras,</span> <span class='ocrx_word' id='word_1_86' title='bbox 715 1664 883 1728; x_wconf 84' lang='lat' dir='ltr'>videlicet:</span> <span class='ocrx_word' id='word_1_87' title='bbox 915 1661 1077 1744; x_wconf 84' lang='lat' dir='ltr'>Enderlro,</span> <span class='ocrx_word' id='word_1_88' title='bbox 1101 1665 1246 1729; x_wconf 77' lang='lat' dir='ltr'>Andreas</span> <span class='ocrx_word' id='word_1_89' title='bbox 1277 1681 1308 1729; x_wconf 90' lang='lat' dir='ltr'>et</span> <span class='ocrx_word' id='word_1_90' title='bbox 1332 1661 1504 1749; x_wconf 76' lang='lat' dir='ltr'>Georgius,</span> 
     </span>
     <span class='ocr_line' id='line_1_13' title="bbox 238 1769 1504 1856; baseline 0.002 -24"><span class='ocrx_word' id='word_1_91' title='bbox 238 1790 321 1852; x_wconf 89' lang='lat' dir='ltr'>quoa</span> <span class='ocrx_word' id='word_1_92' title='bbox 344 1771 432 1855; x_wconf 90' lang='lat' dir='ltr'>prius</span> <span class='ocrx_word' id='word_1_93' title='bbox 455 1771 649 1854; x_wconf 86' lang='lat' dir='ltr'>produxerat</span> <span class='ocrx_word' id='word_1_94' title='bbox 672 1771 996 1850; x_wconf 84' lang='lat' dir='ltr'>contraKurlronem,</span> <span class='ocrx_word' id='word_1_95' title='bbox 1020 1772 1060 1834; x_wconf 90' lang='lat' dir='ltr'>ad</span> <span class='ocrx_word' id='word_1_96' title='bbox 1077 1771 1164 1834; x_wconf 87' lang='lat' dir='ltr'>diem</span> <span class='ocrx_word' id='word_1_97' title='bbox 1187 1784 1336 1835; x_wconf 86' lang='lat' dir='ltr'>octavum</span> <span class='ocrx_word' id='word_1_98' title='bbox 1359 1771 1399 1835; x_wconf 87' lang='lat' dir='ltr'>ad</span> <span class='ocrx_word' id='word_1_99' title='bbox 1416 1769 1504 1856; x_wconf 74' lang='lat' dir='ltr'>pacis</span> 
     </span>
     <span class='ocr_line' id='line_1_14' title="bbox 238 1874 1503 1961; baseline 0.002 -22"><span class='ocrx_word' id='word_1_100' title='bbox 238 1877 392 1940; x_wconf 86' lang='lat' dir='ltr'>unionem</span> <span class='ocrx_word' id='word_1_101' title='bbox 425 1890 625 1961; x_wconf 87' lang='lat' dir='ltr'>receperunt,</span> <span class='ocrx_word' id='word_1_102' title='bbox 660 1874 686 1940; x_wconf 85' lang='lat' dir='ltr'>ai</span> <span class='ocrx_word' id='word_1_103' title='bbox 721 1876 893 1940; x_wconf 89' lang='lat' dir='ltr'>concordia</span> <span class='ocrx_word' id='word_1_104' title='bbox 925 1876 992 1940; x_wconf 89' lang='lat' dir='ltr'>fieri</span> <span class='ocrx_word' id='word_1_105' title='bbox 1024 1877 1152 1960; x_wconf 84' lang='lat' dir='ltr'>poterit,</span> <span class='ocrx_word' id='word_1_106' title='bbox 1186 1879 1235 1940; x_wconf 86' lang='lat' dir='ltr'>ain</span> <span class='ocrx_word' id='word_1_107' title='bbox 1268 1893 1387 1958; x_wconf 86' lang='lat' dir='ltr'>autem,</span> <span class='ocrx_word' id='word_1_108' title='bbox 1426 1893 1503 1941; x_wconf 89' lang='lat' dir='ltr'>tunc</span> 
     </span>
     <span class='ocr_line' id='line_1_15' title="bbox 236 1983 428 2047; baseline 0.01 -2"><span class='ocrx_word' id='word_1_109' title='bbox 236 1983 428 2047; x_wconf 83' lang='lat' dir='ltr'>testificabit.</span> 
     </span>
    </p>

    <p class='ocr_par' dir='ltr' id='par_1_6' title="bbox 238 2085 1503 2277">
     <span class='ocr_line' id='line_1_16' title="bbox 344 2085 1503 2152; baseline 0.001 -2"><span class='ocrx_word' id='word_1_110' title='bbox 344 2086 422 2152; x_wconf 89' lang='lat' dir='ltr'>lrem</span> <span class='ocrx_word' id='word_1_111' title='bbox 454 2103 582 2152; x_wconf 80' lang='lat' dir='ltr'>causam</span> <span class='ocrx_word' id='word_1_112' title='bbox 614 2087 696 2152; x_wconf 88' lang='lat' dir='ltr'>inter</span> <span class='ocrx_word' id='word_1_113' title='bbox 725 2085 896 2151; x_wconf 81' lang='lat' dir='ltr'>Nicolaum</span> <span class='ocrx_word' id='word_1_114' title='bbox 928 2088 1125 2152; x_wconf 78' lang='lat' dir='ltr'>aurifabrum</span> <span class='ocrx_word' id='word_1_115' title='bbox 1157 2103 1189 2152; x_wconf 90' lang='lat' dir='ltr'>et</span> <span class='ocrx_word' id='word_1_116' title='bbox 1219 2091 1375 2152; x_wconf 84' lang='lat' dir='ltr'>iacobum</span> <span class='ocrx_word' id='word_1_117' title='bbox 1399 2088 1503 2151; x_wconf 84' lang='lat' dir='ltr'>fllium</span> 
     </span>
     <span class='ocr_line' id='line_1_17' title="bbox 238 2193 1350 2277; baseline 0.002 -22"><span class='ocrx_word' id='word_1_118' title='bbox 238 2193 427 2257; x_wconf 86' lang='lat' dir='ltr'>Pinthilrach</span> <span class='ocrx_word' id='word_1_119' title='bbox 450 2194 490 2255; x_wconf 91' lang='lat' dir='ltr'>ad</span> <span class='ocrx_word' id='word_1_120' title='bbox 515 2194 602 2255; x_wconf 89' lang='lat' dir='ltr'>diem</span> <span class='ocrx_word' id='word_1_121' title='bbox 625 2207 773 2257; x_wconf 84' lang='lat' dir='ltr'>octavum</span> <span class='ocrx_word' id='word_1_122' title='bbox 798 2194 839 2256; x_wconf 87' lang='lat' dir='ltr'>ad</span> <span class='ocrx_word' id='word_1_123' title='bbox 863 2194 949 2277; x_wconf 86' lang='lat' dir='ltr'>pacis</span> <span class='ocrx_word' id='word_1_124' title='bbox 972 2195 1127 2257; x_wconf 86' lang='lat' dir='ltr'>unionem</span> <span class='ocrx_word' id='word_1_125' title='bbox 1151 2208 1350 2276; x_wconf 85' lang='lat' dir='ltr'>receperunt.</span> 
     </span>
    </p>

    <p class='ocr_par' dir='ltr' id='par_1_7' title="bbox 237 2296 1502 2490">
     <span class='ocr_line' id='line_1_18' title="bbox 344 2296 1502 2382; baseline 0.002 -22"><span class='ocrx_word' id='word_1_126' title='bbox 344 2296 423 2363; x_wconf 89' lang='lat' dir='ltr'>ltem</span> <span class='ocrx_word' id='word_1_127' title='bbox 447 2296 630 2382; x_wconf 82' lang='lat' dir='ltr'>Dregozlau</span> <span class='ocrx_word' id='word_1_128' title='bbox 653 2314 763 2362; x_wconf 91' lang='lat' dir='ltr'>contra</span> <span class='ocrx_word' id='word_1_129' title='bbox 787 2296 930 2362; x_wconf 82' lang='lat' dir='ltr'>Hermen</span> <span class='ocrx_word' id='word_1_130' title='bbox 962 2297 1102 2363; x_wconf 78' lang='lat' dir='ltr'>secunda</span> <span class='ocrx_word' id='word_1_131' title='bbox 1134 2299 1291 2363; x_wconf 73' lang='lat' dir='ltr'>citatione</span> <span class='ocrx_word' id='word_1_132' title='bbox 1316 2318 1381 2364; x_wconf 90' lang='lat' dir='ltr'>non</span> <span class='ocrx_word' id='word_1_133' title='bbox 1413 2320 1502 2364; x_wconf 91' lang='lat' dir='ltr'>com·</span> 
     </span>
     <span class='ocr_line' id='line_1_19' title="bbox 237 2407 353 2490; baseline 0 -22"><span class='ocrx_word' id='word_1_134' title='bbox 237 2407 353 2490; x_wconf 90' lang='lat' dir='ltr'>paruit.</span> 
     </span>
    </p>

    <p class='ocr_par' dir='ltr' id='par_1_8' title="bbox 238 2506 1501 2701">
     <span class='ocr_line' id='line_1_20' title="bbox 344 2506 1501 2594; baseline 0 -20"><span class='ocrx_word' id='word_1_135' title='bbox 344 2506 421 2574; x_wconf 91' lang='lat' dir='ltr'>ltem</span> <span class='ocrx_word' id='word_1_136' title='bbox 444 2511 581 2574; x_wconf 83' lang='lat' dir='ltr'>Jacobus</span> <span class='ocrx_word' id='word_1_137' title='bbox 604 2511 807 2594; x_wconf 83' lang='lat' dir='ltr'>apotelrariut</span> <span class='ocrx_word' id='word_1_138' title='bbox 830 2525 940 2584; x_wconf 84' lang='lat' dir='ltr'>contra</span> <span class='ocrx_word' id='word_1_139' title='bbox 957 2507 1140 2574; x_wconf 88' lang='lat' dir='ltr'>Nicolerum</span> <span class='ocrx_word' id='word_1_140' title='bbox 1165 2509 1268 2575; x_wconf 90' lang='lat' dir='ltr'>filium</span> <span class='ocrx_word' id='word_1_141' title='bbox 1284 2512 1409 2575; x_wconf 88' lang='lat' dir='ltr'>domini</span> <span class='ocrx_word' id='word_1_142' title='bbox 1434 2513 1501 2574; x_wconf 92' lang='lat' dir='ltr'>Do·</span> 
     </span>
     <span class='ocr_line' id='line_1_21' title="bbox 238 2618 918 2701; baseline -0.003 -19"><span class='ocrx_word' id='word_1_143' title='bbox 238 2620 304 2682; x_wconf 89' lang='lat' dir='ltr'>nati</span> <span class='ocrx_word' id='word_1_144' title='bbox 327 2619 429 2701; x_wconf 91' lang='lat' dir='ltr'>prima</span> <span class='ocrx_word' id='word_1_145' title='bbox 458 2618 614 2680; x_wconf 83' lang='lat' dir='ltr'>citatione</span> <span class='ocrx_word' id='word_1_146' title='bbox 638 2637 704 2679; x_wconf 89' lang='lat' dir='ltr'>non</span> <span class='ocrx_word' id='word_1_147' title='bbox 729 2618 918 2699; x_wconf 89' lang='lat' dir='ltr'>comparuit.</span> 
     </span>
    </p>

    <p class='ocr_par' dir='ltr' id='par_1_9' title="bbox 164 2716 1503 2912">
     <span class='ocr_line' id='line_1_22' title="bbox 343 2716 1503 2812; baseline -0.001 -26"><span class='ocrx_word' id='word_1_148' title='bbox 343 2725 421 2786; x_wconf 90' lang='lat' dir='ltr'>Item</span> <span class='ocrx_word' id='word_1_149' title='bbox 445 2724 589 2812; x_wconf 88' lang='lat' dir='ltr'>Herman</span> <span class='ocrx_word' id='word_1_150' title='bbox 613 2735 701 2785; x_wconf 88' lang='lat' dir='ltr'>sutor</span> <span class='ocrx_word' id='word_1_151' title='bbox 724 2735 833 2784; x_wconf 90' lang='lat' dir='ltr'>contra</span> <span class='ocrx_word' id='word_1_152' title='bbox 857 2716 960 2785; x_wconf 87' lang='lat' dir='ltr'>lilium</span> <span class='ocrx_word' id='word_1_153' title='bbox 984 2718 1156 2805; x_wconf 75' lang='lat' dir='ltr'>Dragozlai</span> <span class='ocrx_word' id='word_1_154' title='bbox 1181 2726 1321 2786; x_wconf 77' lang='lat' dir='ltr'>secunda</span> <span class='ocrx_word' id='word_1_155' title='bbox 1346 2720 1503 2787; x_wconf 85' lang='lat' dir='ltr'>citacione</span> 
     </span>
     <span class='ocr_line' id='line_1_23' title="bbox 164 2830 526 2912; baseline -0.003 -20"><span class='ocrx_word' id='word_1_156' title='bbox 164 2839 171 2855; x_wconf 95' lang='grc'><em>·</em></span> <span class='ocrx_word' id='word_1_157' title='bbox 238 2846 304 2892; x_wconf 89' lang='lat' dir='ltr'>non</span> <span class='ocrx_word' id='word_1_158' title='bbox 336 2830 526 2912; x_wconf 85' lang='lat' dir='ltr'>comparuit.</span> 
     </span>
    </p>
   </div>
   <div class='ocr_carea' id='block_1_5' title="bbox 237 2946 1503 3353">
    <p class='ocr_par' dir='ltr' id='par_1_10' title="bbox 237 2946 1500 3141">
     <span class='ocr_line' id='line_1_24' title="bbox 344 2946 1500 3038; baseline -0.002 -20"><span class='ocrx_word' id='word_1_159' title='bbox 344 2950 422 3018; x_wconf 89' lang='lat' dir='ltr'>Item</span> <span class='ocrx_word' id='word_1_160' title='bbox 447 2951 620 3017; x_wconf 84' lang='lat' dir='ltr'>Merclinua</span> <span class='ocrx_word' id='word_1_161' title='bbox 650 2966 739 3015; x_wconf 88' lang='lat' dir='ltr'>sutor</span> <span class='ocrx_word' id='word_1_162' title='bbox 770 2965 801 3015; x_wconf 87' lang='lat' dir='ltr'>et</span> <span class='ocrx_word' id='word_1_163' title='bbox 825 2946 949 3015; x_wconf 87' lang='lat' dir='ltr'>Obrarn</span> <span class='ocrx_word' id='word_1_164' title='bbox 979 2950 1120 3016; x_wconf 82' lang='lat' dir='ltr'>carnifex</span> <span class='ocrx_word' id='word_1_165' title='bbox 1151 2967 1260 3016; x_wconf 88' lang='lat' dir='ltr'>contra</span> <span class='ocrx_word' id='word_1_166' title='bbox 1286 2950 1500 3038; x_wconf 83' lang='lat' dir='ltr'>Meynardum</span> 
     </span>
     <span class='ocr_line' id='line_1_25' title="bbox 237 3059 928 3141; baseline -0.004 -17"><span class='ocrx_word' id='word_1_167' title='bbox 237 3061 376 3124; x_wconf 85' lang='lat' dir='ltr'>secunda</span> <span class='ocrx_word' id='word_1_168' title='bbox 401 3059 556 3122; x_wconf 89' lang='lat' dir='ltr'>citacione</span> <span class='ocrx_word' id='word_1_169' title='bbox 581 3078 646 3120; x_wconf 91' lang='lat' dir='ltr'>nou</span> <span class='ocrx_word' id='word_1_170' title='bbox 671 3073 928 3141; x_wconf 88' lang='lat' dir='ltr'>comparuerunt.</span> 
     </span>
    </p>

    <p class='ocr_par' dir='ltr' id='par_1_11' title="bbox 239 3161 1503 3353">
     <span class='ocr_line' id='line_1_26' title="bbox 344 3161 1503 3248; baseline -0.001 -20"><span class='ocrx_word' id='word_1_171' title='bbox 344 3166 422 3229; x_wconf 88' lang='lat' dir='ltr'>ltcm</span> <span class='ocrx_word' id='word_1_172' title='bbox 455 3163 579 3248; x_wconf 88' lang='lat' dir='ltr'>Symon</span> <span class='ocrx_word' id='word_1_173' title='bbox 612 3177 721 3226; x_wconf 89' lang='lat' dir='ltr'>contra</span> <span class='ocrx_word' id='word_1_174' title='bbox 753 3161 933 3227; x_wconf 81' lang='lat' dir='ltr'>iohannem</span> <span class='ocrx_word' id='word_1_175' title='bbox 964 3162 1067 3227; x_wconf 86' lang='lat' dir='ltr'>lilium</span> <span class='ocrx_word' id='word_1_176' title='bbox 1100 3163 1269 3227; x_wconf 89' lang='lat' dir='ltr'>Laurencii</span> <span class='ocrx_word' id='word_1_177' title='bbox 1293 3166 1396 3247; x_wconf 90' lang='lat' dir='ltr'>prima</span> <span class='ocrx_word' id='word_1_178' title='bbox 1426 3165 1503 3228; x_wconf 86' lang='lat' dir='ltr'>cita-</span> 
     </span>
     <span class='ocr_line' id='line_1_27' title="bbox 239 3270 635 3353; baseline -0.015 -16"><span class='ocrx_word' id='word_1_179' title='bbox 239 3275 330 3337; x_wconf 88' lang='lat' dir='ltr'>cione</span> <span class='ocrx_word' id='word_1_180' title='bbox 355 3293 421 3334; x_wconf 89' lang='lat' dir='ltr'>nou</span> <span class='ocrx_word' id='word_1_181' title='bbox 445 3270 635 3353; x_wconf 86' lang='lat' dir='ltr'>comparuit.</span> 
     </span>
    </p>
   </div>
   <div class='ocr_carea' id='block_1_6' title="bbox 344 3391 1503 3476">
    <p class='ocr_par' dir='ltr' id='par_1_12' title="bbox 344 3391 1503 3476">
     <span class='ocr_line' id='line_1_28' title="bbox 344 3391 1503 3476; baseline -0.001 -19"><span class='ocrx_word' id='word_1_182' title='bbox 344 3396 422 3457; x_wconf 90' lang='lat' dir='ltr'>item</span> <span class='ocrx_word' id='word_1_183' title='bbox 446 3393 599 3455; x_wconf 87' lang='lat' dir='ltr'>Nicolaus</span> <span class='ocrx_word' id='word_1_184' title='bbox 623 3391 706 3454; x_wconf 84' lang='lat' dir='ltr'>filius</span> <span class='ocrx_word' id='word_1_185' title='bbox 730 3391 835 3473; x_wconf 80' lang='lat' dir='ltr'>Bolog</span> <span class='ocrx_word' id='word_1_186' title='bbox 860 3407 969 3455; x_wconf 91' lang='lat' dir='ltr'>contra</span> <span class='ocrx_word' id='word_1_187' title='bbox 994 3394 1033 3457; x_wconf 90' lang='lat' dir='ltr'>N.</span> <span class='ocrx_word' id='word_1_188' title='bbox 1059 3393 1188 3456; x_wconf 89' lang='lat' dir='ltr'>Cordek</span> <span class='ocrx_word' id='word_1_189' title='bbox 1212 3393 1315 3476; x_wconf 91' lang='lat' dir='ltr'>prima</span> <span class='ocrx_word' id='word_1_190' title='bbox 1347 3394 1503 3456; x_wconf 84' lang='lat' dir='ltr'>citatione</span> 
     </span>
    </p>
   </div>
   <div class='ocr_carea' id='block_1_7' title="bbox 239 3500 1502 4006">
    <p class='ocr_par' dir='ltr' id='par_1_13' title="bbox 239 3500 1502 4006">
     <span class='ocr_line' id='line_1_29' title="bbox 239 3500 522 3582; baseline -0.011 -19"><span class='ocrx_word' id='word_1_191' title='bbox 239 3521 304 3564; x_wconf 90' lang='lat' dir='ltr'>non</span> <span class='ocrx_word' id='word_1_192' title='bbox 333 3500 522 3582; x_wconf 85' lang='lat' dir='ltr'>comparuit.</span> 
     </span>
     <span class='ocr_line' id='line_1_30' title="bbox 345 3601 1502 3668; baseline 0 -1"><span class='ocrx_word' id='word_1_193' title='bbox 345 3607 422 3668; x_wconf 89' lang='lat' dir='ltr'>item</span> <span class='ocrx_word' id='word_1_194' title='bbox 447 3604 598 3667; x_wconf 82' lang='lat' dir='ltr'>dominus</span> <span class='ocrx_word' id='word_1_195' title='bbox 623 3604 666 3665; x_wconf 91' lang='lat' dir='ltr'>M.</span> <span class='ocrx_word' id='word_1_196' title='bbox 691 3601 775 3665; x_wconf 86' lang='lat' dir='ltr'>filius</span> <span class='ocrx_word' id='word_1_197' title='bbox 794 3603 937 3666; x_wconf 88' lang='lat' dir='ltr'>Franche</span> <span class='ocrx_word' id='word_1_198' title='bbox 961 3618 1070 3667; x_wconf 87' lang='lat' dir='ltr'>contre</span> <span class='ocrx_word' id='word_1_199' title='bbox 1095 3604 1275 3666; x_wconf 76' lang='lat' dir='ltr'>iohannem</span> <span class='ocrx_word' id='word_1_200' title='bbox 1292 3601 1395 3665; x_wconf 86' lang='lat' dir='ltr'>filium</span> <span class='ocrx_word' id='word_1_201' title='bbox 1420 3606 1502 3667; x_wconf 87' lang='lat' dir='ltr'>Lau·</span> 
     </span>
     <span class='ocr_line' id='line_1_31' title="bbox 239 3709 946 3794; baseline -0.004 -19"><span class='ocrx_word' id='word_1_202' title='bbox 239 3713 336 3775; x_wconf 89' lang='lat' dir='ltr'>reucii</span> <span class='ocrx_word' id='word_1_203' title='bbox 361 3711 464 3794; x_wconf 90' lang='lat' dir='ltr'>prima</span> <span class='ocrx_word' id='word_1_204' title='bbox 488 3709 643 3773; x_wconf 90' lang='lat' dir='ltr'>citacione</span> <span class='ocrx_word' id='word_1_205' title='bbox 668 3729 733 3771; x_wconf 89' lang='lat' dir='ltr'>uon</span> <span class='ocrx_word' id='word_1_206' title='bbox 757 3710 946 3793; x_wconf 87' lang='lat' dir='ltr'>comparuit.</span> 
     </span>
     <span class='ocr_line' id='line_1_32' title="bbox 273 3814 1502 3896; baseline -0.001 -18"><span class='ocrx_word' id='word_1_207' title='bbox 273 3838 276 3847; x_wconf 70' lang='grc'><em>’</em></span> <span class='ocrx_word' id='word_1_208' title='bbox 344 3818 423 3880; x_wconf 88' lang='lat' dir='ltr'>item</span> <span class='ocrx_word' id='word_1_209' title='bbox 439 3834 643 3896; x_wconf 72' lang='lat' dir='ltr'>causamque</span> <span class='ocrx_word' id='word_1_210' title='bbox 660 3815 793 3876; x_wconf 83' lang='lat' dir='ltr'>vertitur</span> <span class='ocrx_word' id='word_1_211' title='bbox 816 3815 898 3876; x_wconf 84' lang='lat' dir='ltr'>inter</span> <span class='ocrx_word' id='word_1_212' title='bbox 916 3814 1101 3877; x_wconf 87' lang='lat' dir='ltr'>Gabrielem</span> <span class='ocrx_word' id='word_1_213' title='bbox 1118 3828 1148 3876; x_wconf 91' lang='lat' dir='ltr'>et</span> <span class='ocrx_word' id='word_1_214' title='bbox 1167 3815 1355 3896; x_wconf 80' lang='lat' dir='ltr'>iobagionea</span> <span class='ocrx_word' id='word_1_215' title='bbox 1378 3827 1502 3877; x_wconf 78' lang='lat' dir='ltr'>auocet</span> 
     </span>
     <span class='ocr_line' id='line_1_33' title="bbox 239 3919 1341 4006; baseline -0.003 -20"><span class='ocrx_word' id='word_1_216' title='bbox 239 3924 369 4006; x_wconf 90' lang='lat' dir='ltr'>Mathey</span> <span class='ocrx_word' id='word_1_217' title='bbox 393 3941 465 3983; x_wconf 91' lang='lat' dir='ltr'>cum</span> <span class='ocrx_word' id='word_1_218' title='bbox 491 3922 576 3982; x_wconf 84' lang='lat' dir='ltr'>Milce</span> <span class='ocrx_word' id='word_1_219' title='bbox 600 3920 641 3981; x_wconf 87' lang='lat' dir='ltr'>ad</span> <span class='ocrx_word' id='word_1_220' title='bbox 665 3919 750 3982; x_wconf 91' lang='lat' dir='ltr'>diem</span> <span class='ocrx_word' id='word_1_221' title='bbox 771 3935 920 3983; x_wconf 91' lang='lat' dir='ltr'>octavum</span> <span class='ocrx_word' id='word_1_222' title='bbox 943 3920 982 3982; x_wconf 90' lang='lat' dir='ltr'>ad</span> <span class='ocrx_word' id='word_1_223' title='bbox 1007 3940 1119 4003; x_wconf 91' lang='lat' dir='ltr'>pacem</span> <span class='ocrx_word' id='word_1_224' title='bbox 1142 3935 1341 4004; x_wconf 89' lang='lat' dir='ltr'>receperunt.</span> 
     </span>
    </p>
   </div>
   <div class='ocr_carea' id='block_1_8' title="bbox 238 4040 1501 4445">
    <p class='ocr_par' dir='ltr' id='par_1_14' title="bbox 238 4040 1501 4236">
     <span class='ocr_line' id='line_1_34' title="bbox 344 4040 1501 4124; baseline -0.001 -17"><span class='ocrx_word' id='word_1_225' title='bbox 344 4046 422 4107; x_wconf 89' lang='lat' dir='ltr'>item</span> <span class='ocrx_word' id='word_1_226' title='bbox 448 4043 608 4124; x_wconf 70' lang='lat' dir='ltr'>Georgius</span> <span class='ocrx_word' id='word_1_227' title='bbox 631 4043 735 4105; x_wconf 82' lang='lat' dir='ltr'>dictus</span> <span class='ocrx_word' id='word_1_228' title='bbox 758 4043 910 4106; x_wconf 85' lang='lat' dir='ltr'>Prazicha</span> <span class='ocrx_word' id='word_1_229' title='bbox 933 4058 1041 4105; x_wconf 87' lang='lat' dir='ltr'>contra</span> <span class='ocrx_word' id='word_1_230' title='bbox 1060 4043 1186 4106; x_wconf 82' lang='lat' dir='ltr'>Mikech</span> <span class='ocrx_word' id='word_1_231' title='bbox 1210 4043 1312 4106; x_wconf 85' lang='lat' dir='ltr'>filium</span> <span class='ocrx_word' id='word_1_232' title='bbox 1331 4040 1501 4106; x_wconf 87' lang='lat' dir='ltr'>Lewnardi</span> 
     </span>
     <span class='ocr_line' id='line_1_35' title="bbox 238 4149 824 4236; baseline -0.009 -22"><span class='ocrx_word' id='word_1_233' title='bbox 238 4154 341 4236; x_wconf 91' lang='lat' dir='ltr'>prima</span> <span class='ocrx_word' id='word_1_234' title='bbox 365 4151 520 4212; x_wconf 88' lang='lat' dir='ltr'>citacione</span> <span class='ocrx_word' id='word_1_235' title='bbox 545 4169 611 4210; x_wconf 91' lang='lat' dir='ltr'>non</span> <span class='ocrx_word' id='word_1_236' title='bbox 635 4149 824 4231; x_wconf 87' lang='lat' dir='ltr'>comparuit.</span> 
     </span>
    </p>

    <p class='ocr_par' dir='ltr' id='par_1_15' title="bbox 239 4255 1501 4445">
     <span class='ocr_line' id='line_1_36' title="bbox 344 4255 1501 4337; baseline -0.001 -19"><span class='ocrx_word' id='word_1_237' title='bbox 344 4258 422 4318; x_wconf 86' lang='lat' dir='ltr'>Item</span> <span class='ocrx_word' id='word_1_238' title='bbox 448 4256 665 4317; x_wconf 87' lang='lat' dir='ltr'>Lancholotus</span> <span class='ocrx_word' id='word_1_239' title='bbox 689 4270 799 4316; x_wconf 86' lang='lat' dir='ltr'>contra</span> <span class='ocrx_word' id='word_1_240' title='bbox 824 4255 997 4317; x_wconf 89' lang='lat' dir='ltr'>Martiuum</span> <span class='ocrx_word' id='word_1_241' title='bbox 1022 4256 1201 4318; x_wconf 86' lang='lat' dir='ltr'>institorem</span> <span class='ocrx_word' id='word_1_242' title='bbox 1226 4257 1328 4337; x_wconf 93' lang='lat' dir='ltr'>prima</span> <span class='ocrx_word' id='word_1_243' title='bbox 1346 4256 1501 4319; x_wconf 74' lang='lat' dir='ltr'>citatione</span> 
     </span>
     <span class='ocr_line' id='line_1_37' title="bbox 239 4363 519 4445; baseline 0 -19"><span class='ocrx_word' id='word_1_244' title='bbox 239 4383 304 4427; x_wconf 86' lang='lat' dir='ltr'>uon</span> <span class='ocrx_word' id='word_1_245' title='bbox 329 4363 519 4445; x_wconf 88' lang='lat' dir='ltr'>comparuit.</span> 
     </span>
    </p>
   </div>
   <div class='ocr_carea' id='block_1_9' title="bbox 238 4483 1501 4886">
    <p class='ocr_par' dir='ltr' id='par_1_16' title="bbox 238 4483 1501 4677">
     <span class='ocr_line' id='line_1_38' title="bbox 346 4483 1501 4568; baseline 0 -21"><span class='ocrx_word' id='word_1_246' title='bbox 346 4487 423 4547; x_wconf 89' lang='lat' dir='ltr'>item</span> <span class='ocrx_word' id='word_1_247' title='bbox 445 4486 472 4547; x_wconf 91' lang='lat' dir='ltr'>J.</span> <span class='ocrx_word' id='word_1_248' title='bbox 497 4485 584 4546; x_wconf 89' lang='lat' dir='ltr'>Puch</span> <span class='ocrx_word' id='word_1_249' title='bbox 609 4498 717 4547; x_wconf 89' lang='lat' dir='ltr'>contra</span> <span class='ocrx_word' id='word_1_250' title='bbox 741 4483 845 4546; x_wconf 89' lang='lat' dir='ltr'>filium</span> <span class='ocrx_word' id='word_1_251' title='bbox 863 4485 1019 4547; x_wconf 85' lang='lat' dir='ltr'>Ratkonis</span> <span class='ocrx_word' id='word_1_252' title='bbox 1035 4486 1138 4568; x_wconf 88' lang='lat' dir='ltr'>prima</span> <span class='ocrx_word' id='word_1_253' title='bbox 1162 4485 1317 4548; x_wconf 88' lang='lat' dir='ltr'>citacione</span> <span class='ocrx_word' id='word_1_254' title='bbox 1334 4505 1501 4549; x_wconf 88' lang='lat' dir='ltr'>noncom·</span> 
     </span>
     <span class='ocr_line' id='line_1_39' title="bbox 238 4593 603 4677; baseline -0.003 -22"><span class='ocrx_word' id='word_1_255' title='bbox 238 4593 354 4677; x_wconf 86' lang='lat' dir='ltr'>paruit.</span> <span class='ocrx_word' id='word_1_256' title='bbox 600 4603 603 4607; x_wconf 77' lang='grc'>’</span> 
     </span>
    </p>

    <p class='ocr_par' dir='ltr' id='par_1_17' title="bbox 238 4697 1500 4886">
     <span class='ocr_line' id='line_1_40' title="bbox 345 4697 1500 4780; baseline 0 -20"><span class='ocrx_word' id='word_1_257' title='bbox 345 4698 424 4760; x_wconf 84' lang='lat' dir='ltr'>Item</span> <span class='ocrx_word' id='word_1_258' title='bbox 449 4698 594 4761; x_wconf 78' lang='lat' dir='ltr'>Thomna</span> <span class='ocrx_word' id='word_1_259' title='bbox 617 4711 718 4760; x_wconf 78' lang='lat' dir='ltr'>sartor</span> <span class='ocrx_word' id='word_1_260' title='bbox 740 4697 844 4780; x_wconf 85' lang='lat' dir='ltr'>prima</span> <span class='ocrx_word' id='word_1_261' title='bbox 860 4698 1016 4760; x_wconf 84' lang='lat' dir='ltr'>citacione</span> <span class='ocrx_word' id='word_1_262' title='bbox 1030 4711 1062 4760; x_wconf 85' lang='lat' dir='ltr'>et</span> <span class='ocrx_word' id='word_1_263' title='bbox 1079 4698 1217 4760; x_wconf 81' lang='lat' dir='ltr'>Jacobua</span> <span class='ocrx_word' id='word_1_264' title='bbox 1234 4697 1375 4760; x_wconf 79' lang='lat' dir='ltr'>retunde</span> <span class='ocrx_word' id='word_1_265' title='bbox 1389 4712 1500 4760; x_wconf 88' lang='lat' dir='ltr'>contra</span> 
     </span>
     <span class='ocr_line' id='line_1_41' title="bbox 238 4803 780 4886; baseline -0.002 -20"><span class='ocrx_word' id='word_1_266' title='bbox 238 4803 410 4866; x_wconf 88' lang='lat' dir='ltr'>Nicolaum</span> <span class='ocrx_word' id='word_1_267' title='bbox 434 4824 500 4866; x_wconf 88' lang='lat' dir='ltr'>nou</span> <span class='ocrx_word' id='word_1_268' title='bbox 523 4817 780 4886; x_wconf 90' lang='lat' dir='ltr'>comparuerunt.</span> 
     </span>
    </p>
   </div>
   <div class='ocr_carea' id='block_1_10' title="bbox 0 0 1748 5250">
    <p class='ocr_par' dir='ltr' id='par_1_18' title="bbox 0 0 1748 5250">
     <span class='ocr_line' id='line_1_42' title="bbox 0 0 1748 5250; baseline 0 0"><span class='ocrx_word' id='word_1_269' title='bbox 0 0 1748 5250; x_wconf 95' lang='lat' dir='ltr'> </span> 
     </span>
    </p>
   </div>
  </div>
 </body>
</html>
