3488 5250
648 359 650 364 ’
687 348 773 404 Anno
791 342 882 422 1363.
905 379 949 388 -
972 341 1022 403 16.
1037 345 1131 420 junii.
1473 339 1534 421 283

377 558 456 620 Item
474 555 621 618 Todcam
639 570 749 618 contra
769 555 947 617 Johannem
965 552 1107 614 secundo
1128 552 1241 614 citatus
1265 570 1330 612 non
1347 549 1536 632 comparuit.

377 664 455 725 Item
491 661 653 723 Fabianus
688 676 776 722 sutor
806 676 915 722 contra
947 659 1140 741 Jurglynum
1175 657 1279 739 primo
1315 656 1429 718 citatus
1470 672 1535 716 non

270 769 459 850 comparuit.

376 874 453 935 Item
480 873 602 955 Symon
627 887 736 934 contra
762 872 936 934 Martinum
961 871 1067 953 primo
1102 870 1216 932 citatus
1248 887 1313 929 non
1346 867 1536 950 comparuit.

377 979 456 1040 Item
480 977 538 1040 iiiii
567 978 747 1040 Martinkus
777 992 886 1040 contra
918 975 1017 1039 filiam
1050 975 1190 1038 Ztanech
1216 975 1321 1057 primo
1352 974 1439 1036 citati
1471 993 1536 1036 non

272 1098 531 1168 comparuerunt.

376 1190 455 1253 Item
479 1208 574 1251 causa
598 1188 753 1251 Demetrii
778 1202 809 1250 et
840 1188 1005 1250 cuiusdam
1039 1185 1184 1250 mulieris
1208 1186 1288 1249 Cala
1320 1186 1402 1247 dicte
1427 1184 1466 1246 ad
1491 1182 1537 1246 fe·

271 1295 350 1356 riam
375 1295 506 1357 terciam
531 1294 570 1356 ad
602 1295 832 1357 atestacionem
864 1293 979 1356 Franie
1010 1294 1120 1374 generi
1153 1292 1261 1354 Lachk
1285 1305 1332 1352 est
1355 1299 1536 1373 prorogata.

378 1399 455 1461 item
481 1401 588 1482 Matey
611 1413 721 1461 contra
745 1399 916 1462 Nicolaum
946 1399 1050 1482 primo
1075 1398 1188 1462 citatus
1212 1415 1276 1460 non
1301 1396 1491 1479 comparuit.

297 1616 396 1691 Feria
422 1626 522 1691 sexta
558 1621 714 1708 proxima
741 1625 818 1708 post
845 1619 968 1690 festum
1001 1621 1178 1690 beatorum
1207 1616 1276 1687 vitt
1305 1624 1340 1688 et
1367 1615 1508 1686 Modesti

807 1743 998 1814 martirum.

804 1889 868 1969 (16.
884 1895 992 1970 junii).
1019 1879 1021 1882 ¹

376 2034 484 2095 Primo
509 2033 670 2096 Johaones
694 2033 862 2095 Laurencii
891 2046 1001 2095 contra
1027 2031 1204 2113 Georgium
1229 2030 1270 2093 ad
1293 2042 1367 2091 octo
1392 2029 1460 2091 dies
1484 2048 1532 2091 re·

269 2139 353 2221 cepit
376 2139 550 2201 terminum
574 2139 614 2200 ad
637 2138 910 2221 respondendum.

376 2245 454 2307 Item
487 2245 653 2306 Emericua
684 2246 852 2307 subcustoa
887 2257 997 2306 contra
1030 2241 1203 2305 Martinum
1237 2242 1360 2326 Reyniz
1391 2238 1535 2304 secundo

270 2352 384 2415 citatua
408 2365 473 2412 non
502 2351 691 2433 comparuit.

376 2456 454 2518 Item
480 2455 579 2517 Jurko
603 2469 713 2517 contra
737 2457 921 2519 ianalinum
945 2457 986 2518 ad
1018 2470 1092 2518 octo
1117 2456 1185 2517 dica
1216 2455 1336 2537 recepit
1358 2453 1534 2515 terminum

270 2561 310 2623 ad
334 2560 607 2643 respondendum.

377 2661 455 2728 Item
480 2683 574 2728 causa
598 2683 662 2748 que
686 2666 818 2728 vertitur
844 2668 926 2729 inter
946 2668 990 2730 M.
1015 2666 1204 2749 Pintikachy
1227 2680 1380 2743 actorem,
1406 2678 1437 2727 et
1460 2665 1533 2726 Jan·

270 2772 392 2833 zlinum
418 2772 592 2834 Krauturm
616 2789 719 2850 reum,
741 2772 783 2833 ad
807 2784 881 2835 octo
906 2756 974 2834 die's
998 2782 1045 2836 eat
1065 2772 1106 2834 ad
1129 2789 1242 2855 pacem
1266 2783 1447 2854 prorogata.

379 2877 456 2939 item
481 2877 634 2939 Nicolaus
658 2877 806 2940 sacerdos
837 2891 946 2941 contra
978 2879 1121 2940 relictam
1145 2878 1271 2939 Nicolai
1302 2876 1342 2938 de
1367 2875 1535 2938 Branouch

270 2982 310 3044 ad
335 2996 408 3047 octo
432 2983 501 3045 dies
524 2986 644 3065 recepit
665 2983 839 3045 terminum
864 2984 904 3045 ad
928 2981 1201 3067 respondendum.

376 3089 454 3152 Item
486 3109 587 3171 usque
619 3101 767 3152 octavum
801 3090 887 3151 diem
920 3090 1069 3174 Gerynus
1106 3104 1160 3152 aut
1192 3088 1347 3172 producet
1377 3088 1532 3169 quasdam

271 3196 446 3259 debitotias
488 3196 609 3258 litteras
651 3208 761 3258 contra
806 3197 933 3258 Petrum
970 3197 1045 3258 Jaxe
1080 3196 1132 3257 vel
1167 3195 1271 3276 jurare
1305 3211 1400 3276 super
1434 3192 1534 3255 debiti

270 3303 448 3385 quantitate
471 3301 601 3384 (debet).

376 3408 455 3470 Item
479 3407 617 3470 Mathiaa
634 3421 820 3490 procurator
840 3406 973 3490 Georgii
990 3407 1206 3470 archidiaconi
1230 3420 1340 3468 contra
1358 3405 1534 3488 Symouem

275 3511 457 3576 carnificem
480 3513 521 3574 ad
545 3527 619 3575 octo
643 3513 711 3574 dies
734 3514 854 3595 recepit
875 3515 1049 3576 terminum
1073 3513 1113 3574 ad
1136 3512 1407 3595 respondendum.

378 3620 457 3682 Item
481 3632 595 3681 octavo
620 3618 672 3680 die
689 3618 835 3680 Thomas
859 3638 994 3700 magnus
1017 3634 1126 3681 contra
1143 3617 1312 3680 Vorricum
1337 3634 1393 3698 per
1409 3615 1535 3678 Cusech

271 3724 469 3787 aurifabrum
494 3736 526 3787 et
549 3723 728 3808 Georgium
745 3724 902 3786 Ztaunich
919 3742 1014 3808 super
1035 3723 1201 3808 vituperiis
1224 3723 1444 3785 testimonium
1461 3742 1534 3804 pro-

269 3830 387 3893 ducere
411 3831 517 3892 debet.

377 3932 455 3998 item
479 3954 573 3998 cauae
606 3952 670 4017 que
701 3933 834 3999 vertitur
858 3937 940 4000 iuter
970 3937 1133 3999 Andream
1164 3935 1358 3997 frenatorem
1383 3948 1415 3996 et
1439 3934 1535 3996 Nico·

272 4043 358 4104 laum
383 4043 510 4104 Kordar
533 4042 574 4104 ad
598 4056 671 4105 octo
695 4041 764 4104 diea
787 4057 834 4106 est
857 4043 898 4104 ad
923 4062 1035 4125 pacem
1058 4056 1240 4125 prorogata.

378 4149 454 4210 item
479 4168 574 4210 causa
598 4168 661 4230 que
685 4148 817 4211 vertitur
841 4150 922 4211 inter
939 4149 1102 4210 Thomam
1126 4148 1328 4230 gladiparum
1355 4159 1386 4207 et
1410 4145 1535 4208 Malech

269 4253 380 4316 estad
404 4267 477 4316 octo
501 4254 570 4316 dies
594 4255 634 4317 ad
658 4271 770 4336 pacem
796 4269 976 4337 prorogata.

378 4362 456 4424 Item
481 4361 557 4424 duan
583 4362 708 4445 Boynik
734 4374 842 4424 contra
867 4362 973 4423 Eliam
998 4362 1101 4443 primo
1119 4363 1233 4423 citatus
1256 4376 1322 4422 non
1345 4359 1535 4440 comparuit.

377 4467 455 4530 Item
478 4482 572 4530 cauea
597 4467 688 4529 Pauli
711 4467 879 4530 Foatozou
903 4481 934 4530 et
950 4467 1078 4529 Thome
1102 4467 1231 4530 litterati
1248 4463 1289 4527 ad
1306 4477 1380 4527 octo
1405 4464 1473 4525 dies
1489 4475 1536 4526 est

268 4587 440 4656 prorogata
463 4573 504 4635 ad
528 4592 650 4655 pacem.

378 4679 455 4741 item
479 4679 526 4742 St.
547 4678 707 4741 aurifaber
722 4678 865 4740 secundo
889 4678 1003 4741 citatus
1018 4693 1130 4741 contra
1147 4679 1340 4762 Jurglynum
1363 4677 1535 4760 pellificem

270 4804 336 4849 non
360 4785 551 4869 comparuit.
