3488 5250
227 321 291 385 274
630 307 716 365 Anno
738 304 828 384 1363.
853 341 895 351 —
919 322 968 383 19.
994 311 1073 370 mari'.

329 515 407 576 Item
431 516 463 577 in
496 517 617 579 octavis
648 514 726 579 ferie
757 531 843 579 sexte
875 532 1008 579 venture
1044 517 1196 581 dominus
1227 520 1339 582 Petrus
1369 521 1487 584 Donati

225 633 335 683 contra
359 621 574 683 Tormacham
604 642 661 703 per
692 622 800 684 Petres
831 637 862 685 et
885 623 1103 705 Dragozlaum
1133 623 1296 688 carnifices
1318 646 1414 710 super
1437 648 1487 707 eo,

222 726 311 807 quod
335 727 402 808 ipse
425 747 482 809 per
499 726 650 808 Nandrag
674 728 707 788 in
725 728 870 809 quinque
886 729 1001 790 marcis
1017 729 1222 791 denariorum
1240 730 1375 793 domino
1393 733 1487 796 Petro

222 829 441 894 fideiubuisset
457 833 676 894 testimonium
693 832 871 914 producere
895 833 1000 911 debet,
1025 849 1056 895 et
1080 835 1156 916 quia
1172 836 1271 911 tercio
1295 837 1408 899 citatus
1421 857 1487 900 non

222 938 412 1019 comparuit,
437 937 511 1001 ideo
536 938 567 999 in
593 938 720 1000 duobus
744 939 902 1000 consuetis
925 939 1052 1019 judiciis
1075 941 1236 1003 remansit.

328 1061 406 1122 Item
431 1062 578 1143 quamvis
602 1062 720 1123 Paulus
744 1061 839 1143 judex
863 1064 1037 1144 quemdam
1055 1062 1221 1125 hominem
1243 1064 1319 1126 luan
1343 1067 1486 1145 nomine,

224 1187 373 1250 proquo
398 1167 578 1246 fideiubuit,
607 1182 716 1230 contra
748 1168 847 1230 aliurn
873 1169 949 1230 luan
973 1169 1003 1229 in
1035 1170 1174 1250 presenti
1205 1168 1325 1250 judicio
1349 1185 1486 1233 statuere

222 1273 394 1352 debuisset,
418 1286 526 1334 tamen
550 1293 615 1335 non
639 1274 759 1352 statuit,
783 1293 882 1355 quare
906 1293 978 1335 cum
1007 1274 1135 1335 duobus
1158 1274 1286 1355 judiciis
1309 1295 1383 1337 eum
1408 1275 1486 1338 feria

221 1392 308 1440 sexta
331 1392 466 1440 statuere
490 1380 661 1441 tenebitur.

478 1612 575 1687 Feria
603 1624 700 1686 sexta
729 1623 807 1686 ante
834 1616 957 1687 lestun
986 1616 1233 1687 Penthecostes.

759 1780 822 1842 (19.
851 1769 945 1843 maii).

326 1907 435 1968 Primo
459 1925 508 1968 ser
533 1906 645 1987 Maryn
672 1904 772 1985 Gorgi
797 1919 907 1967 contra
931 1905 1036 1966 Eliam
1062 1906 1166 1987 primo
1184 1906 1298 1968 citatus
1313 1925 1380 1968 non
1396 1925 1483 1968 com·

219 2028 334 2098 paruit.

325 2121 404 2182 ltem
428 2139 522 2181 causa
546 2137 609 2200 que
633 2118 766 2179 vertitur
789 2118 871 2180 inter
893 2116 980 2198 Span
1004 2130 1035 2179 et
1052 2117 1160 2179 Petres
1183 2130 1229 2180 est
1252 2117 1294 2179 ad
1317 2131 1390 2180 octo
1414 2118 1484 2179 dies

218 2227 260 2287 ad
284 2245 397 2307 pacem
420 2238 601 2307 prorogata.

324 2331 403 2393 ltem.
427 2349 602 2410 causaque
626 2328 758 2390 vertitur
774 2328 856 2390 inter
880 2327 988 2388 Lachlt
1012 2341 1045 2389 et
1060 2327 1262 2410 Mychaelem
1280 2328 1411 2410 Hudlep
1427 2348 1484 2410 per

219 2438 391 2499 Nicolaum
415 2434 517 2497 filium
536 2435 613 2495 luan
638 2448 669 2495 et
685 2433 849 2494 Andream
868 2433 980 2494 Polani
1006 2433 1109 2494 estad
1134 2445 1206 2494 octo
1223 2433 1291 2496 dies
1314 2432 1355 2494 ad
1370 2453 1483 2516 pacem

219 2556 400 2626 prorogata.

324 2649 402 2709 ltem
427 2659 541 2708 octavo
566 2644 618 2705 die
642 2645 787 2706 Andreas
811 2643 900 2705 faber
916 2658 1026 2706 contra
1050 2644 1230 2706 lohannem
1246 2660 1399 2709 sartorem
1424 2666 1482 2728 per

218 2753 393 2831 Andream,
418 2752 463 2814 St.
480 2752 610 2832 juratos,
627 2750 791 2812 Andream
813 2750 978 2830 quondam
994 2750 1146 2831 pistorem
1165 2765 1196 2812 et
1220 2750 1375 2813 Mathiam
1398 2751 1483 2814 litte-

218 2873 321 2921 ratum
337 2878 433 2940 super
457 2877 496 2919 eo
512 2857 733 2919 testimonium
750 2855 927 2938 producere
948 2854 1054 2934 debet,
1079 2856 1168 2938 quod
1193 2857 1336 2938 quinque
1361 2876 1483 2920 marcas

218 2963 354 3026 Nicolao
378 2962 459 3024 ruffo
484 2963 630 3024 solvisset
652 2981 710 3044 pro
735 2961 862 3040 eodem,
899 2976 930 3022 et
952 2960 1040 3043 quod
1065 2962 1132 3042 ipse
1157 2962 1188 3022 in
1222 2963 1384 3044 presencia
1408 2982 1483 3045 pro·

218 3072 334 3132 borum
359 3069 527 3131 hominum
552 3066 740 3129 affirmasset
763 3067 868 3148 ipsum
892 3066 1056 3128 Andream
1082 3067 1182 3128 dictas
1205 3086 1327 3128 marcas
1348 3067 1482 3131 solvisse

216 3195 274 3258 pro
299 3197 348 3237 eo.

324 3282 402 3343 ltem
421 3281 540 3342 Paulus
557 3278 645 3342 faber
661 3279 766 3361 primo
787 3279 900 3340 citatus
918 3292 1028 3339 contra
1051 3277 1192 3341 Blasium
1210 3298 1274 3341 non
1292 3279 1480 3361 comparuit.

323 3388 401 3448 ltem
426 3386 551 3447 Maleclt
577 3398 685 3446 contra
711 3383 873 3446 Thomam
907 3383 1112 3465 gladiparum.
1143 3404 1299 3466 generum
1322 3403 1416 3445 suum
1440 3384 1481 3445 ad

217 3507 291 3554 octo
315 3492 383 3552 dies
406 3491 525 3572 recepit
548 3491 721 3551 terminum
745 3489 785 3550 ad
809 3489 1080 3571 respondendum.

322 3599 401 3659 ltem
428 3598 457 3657 in
485 3596 657 3677 quindenis
690 3594 812 3678 Symon
845 3609 876 3655 et
908 3595 1064 3656 Martinus
1088 3594 1128 3655 ad
1159 3595 1322 3656 accionem
1355 3595 1481 3658 domini

111 3685 113 3690 ¹
216 3705 340 3765 abbatis
364 3702 556 3784 respondere
582 3716 613 3762 et
636 3702 766 3778 litteras,
791 3701 909 3782 quibus
941 3701 1158 3762 mediantibus
1188 3700 1343 3780 quasdam
1369 3702 1481 3764 condi·

215 3810 356 3871 cionales
380 3810 489 3869 vineas
513 3809 745 3887 dignoscuntur
767 3806 941 3886 possidere,
965 3807 1142 3887 producere
1166 3808 1378 3869 tenebuntur*

321 3915 398 3976 ltem
424 3915 468 3976 St.
494 3913 577 3974 filius
602 3912 746 3974 Cernech
769 3913 910 3973 secundo
935 3913 1048 3973 citatus
1071 3931 1137 3972 non
1160 3912 1349 3993 comparuit.

320 4021 398 4081 ltem
425 4020 467 4082 St.
501 4019 709 4079 stacionarius
741 4017 882 4079 secundo
916 4019 1029 4079 citatus
1065 4032 1174 4078 contra
1207 4016 1381 4079 Martinum
1413 4036 1481 4080 non

215 4141 405 4207 comparuit.

321 4231 399 4293 ltem
436 4231 547 4291 Petrus
581 4242 689 4290 contra
729 4228 857 4289 Petrum
894 4227 1085 4289 frenatorem
1123 4229 1227 4310 primo
1267 4227 1380 4288 citatus
1412 4223 1480 4289 non

215 4352 404 4419 comparuit.

322 4442 397 4502 ltem
424 4443 519 4523 Myle
545 4455 654 4500 contra
678 4440 841 4500 Andream
871 4439 984 4500 Pulani
1016 4440 1056 4500 ad
1080 4455 1153 4500 octo
1186 4439 1254 4500 dies
1278 4437 1397 4520 recepit
1419 4450 1481 4499 ter·

216 4548 340 4608 minum
365 4547 403 4608 ad
430 4545 701 4627 respondendum.

211 4668 216 4681 ·
319 4648 396 4714 item
421 4651 506 4713 filius
531 4650 700 4731 Darnpiani
734 4663 843 4711 contra
867 4650 1007 4712 eundem
1038 4651 1201 4712 Andream
1226 4651 1331 4733 primo
1362 4649 1482 4712 citatus

214 4776 279 4819 non
304 4758 493 4839 comparuit.
