3488 5250
243 335 301 377 122
646 321 732 378 Anno
754 334 843 398 1359.
880 357 912 365 -
932 337 965 397 9.
991 324 1103 396 aprilis.

346 528 422 589 Item
457 530 568 592 Petrus
601 530 787 614 Oplzauech
822 547 947 593 tenetur
978 532 1102 593 solvere
1134 552 1235 614 usque
1259 533 1502 614 quindecimum

238 632 535 716 (diem)›Domiano
559 637 703 698 woschar
726 637 737 697 I
763 635 832 699 flor.
858 650 889 698 et
913 637 964 698 IlIl
990 658 1103 720 pensas
1127 658 1199 700 cum
1224 639 1340 701 media.

344 741 422 802 Item
449 762 527 803 uxor
544 745 618 804 Kun
636 763 737 824 usque
755 743 997 825 quindecimum
1013 744 1100 805 diem
1117 759 1242 807 tenetur
1266 746 1389 806 solvere
1407 745 1501 806 Eme·

239 846 304 907 rico
325 846 464 908 carnifici
491 849 500 908 l
526 848 595 911 flor.
613 864 643 910 et
660 850 733 930 quia
752 849 877 911 dicebat
894 849 979 911 idem
999 850 1164 912 Emericus
1187 850 1275 931 quod
1300 850 1339 910 III
1363 849 1502 911 florenos

240 952 300 1013 sibi
326 953 438 1014 eadem
462 967 633 1031 teneretur,
663 956 793 1036 ipsaque
826 955 951 1017 dicebat
986 956 1074 1037 quod
1099 957 1206 1017 Petres
1239 955 1377 1018 carnifex
1409 957 1502 1018 sciret

240 1059 328 1139 quod
353 1079 430 1138 non,
455 1060 529 1122 ideo
554 1061 620 1142 ipse
645 1062 752 1122 Petres
769 1062 873 1144 primo
895 1061 1014 1140 judicio
1033 1063 1162 1124 debebit
1186 1062 1302 1123 referre
1319 1063 1397 1143 quid
1414 1062 1501 1125 sciet.

347 1165 422 1226 Item
450 1166 536 1227 Elias
561 1186 676 1249 parvus
700 1186 801 1247 usque
831 1167 1074 1248 quindecimum
1103 1168 1189 1229 diem
1221 1181 1346 1229 tenetur
1378 1169 1501 1229 solvere

240 1271 344 1331 Vanse
369 1271 507 1334 carnifici
533 1292 629 1334 unam
653 1293 795 1355 pensam.

346 1378 425 1439 Item
451 1394 566 1440 octavo
602 1379 654 1439 die
687 1377 862 1460 Gregorius
892 1380 1041 1461 vigilator
1072 1395 1181 1441 contra
1214 1379 1289 1440 Iuan
1317 1379 1415 1439 Malik
1447 1398 1503 1460 per

240 1502 374 1544 uxorem
400 1485 497 1546 luanlr
525 1498 555 1546 et
587 1505 718 1547 uxorem
750 1485 886 1547 Stanech
918 1486 1136 1547 testimonium
1169 1485 1345 1567 producere
1376 1498 1503 1546 tenetur

239 1607 335 1671 super
360 1589 525 1671 vituperiis
549 1591 658 1652 uxoris
682 1610 749 1652 sue.

347 1695 424 1755 Item
449 1696 572 1757 Malech
597 1711 706 1759 contra
732 1697 827 1759 Sosse
851 1697 993 1758 secundo
1018 1696 1131 1757 citatus
1155 1716 1221 1758 non
1245 1695 1434 1778 comparuit.

349 1799 426 1862 Item
451 1821 544 1863 causa
568 1822 629 1884 que
645 1803 778 1864 ¹uertitur
801 1803 882 1865 inter
904 1802 1081 1884 Georgium
1099 1817 1129 1863 et
1146 1803 1255 1864 Vitum
1279 1802 1319 1863 ad
1343 1815 1416 1863 octo
1434 1801 1503 1862 dies

243 1920 288 1966 est
312 1921 481 1988 prorogata
506 1907 546 1968 ad
571 1928 693 1990 pacem.

347 2011 424 2073 Item
449 2012 713 2075 adiudicaverunt
736 2012 840 2093 jurati,
872 2028 906 2075 ut
938 2014 1012 2095 quia
1045 2013 1198 2075 Nicolaus
1221 2011 1305 2073 lilius
1336 2011 1501 2074 Benedicti

242 2116 416 2197 quemdam
440 2118 605 2181 hominem
639 2119 762 2180 domini
796 2119 878 2180 Petri
911 2118 1034 2199 judicis,
1057 2119 1180 2199 justicia
1212 2118 1298 2200 prius
1322 2117 1501 2198 irrequisita

243 2224 461 2305 qualicunque
493 2226 533 2285 ab
565 2225 680 2286 eodem
716 2226 815 2307 ipsius
846 2224 986 2286 hominis
1010 2245 1046 2285 ex
1079 2239 1166 2305 parte
1199 2223 1328 2306 Endrey
1352 2223 1501 2284 videlicet

240 2330 384 2408 nomine,
419 2332 584 2393 convictus
619 2346 665 2392 est
697 2331 728 2391 in
760 2331 879 2411 judicio
913 2331 1083 2413 potenciali
1116 2331 1347 2390 Xmarcnrum
1370 2329 1430 2412 ipsi
1455 2328 1501 2410 ju-

240 2436 302 2497 dici
337 2437 584 2516 solvendarum,
616 2438 641 2498 si
674 2437 904 2498 salutacionem
937 2438 1112 2518 proborum
1144 2436 1287 2497 vitorum
1320 2436 1421 2497 nollet
1451 2455 1501 2496 ac-

240 2556 375 2624 ceptare.

346 2649 422 2709 Item
454 2668 546 2709 cause
579 2668 642 2729 que
674 2649 755 2709 inter
794 2649 943 2709 domitius
976 2648 1168 2727 blancham,
1203 2647 1369 2709 Elizabeth
1401 2646 1501 2709 filiam

240 2773 341 2832 suam,
376 2772 508 2815 uxorem
544 2758 653 2836 Arney
687 2755 816 2816 sartoris
851 2755 890 2814 ab
927 2774 1000 2832 una,
1037 2755 1202 2836 Kruppam
1237 2753 1336 2815 filiam
1361 2752 1434 2815 God
1472 2766 1502 2814 et

240 2863 368 2921 Annam
394 2860 462 2921 eius
493 2860 688 2921 servitricem
721 2860 760 2921 ab
785 2861 893 2939 altera,
918 2859 957 2921 ad
993 2873 1065 2921 octo
1090 2859 1158 2921 dies
1193 2862 1252 2921 sub
1277 2859 1379 2921 forma
1415 2859 1501 2941 pacis

240 2979 314 3025 sunt
338 2979 517 3047 prorogate.

346 3070 424 3131 Item
449 3090 542 3132 causa
567 3089 630 3151 que
654 3070 787 3131 vertitur
810 3071 891 3131 inter
927 3071 1127 3132 Lukachium
1158 3069 1366 3148 aurifabrum,
1391 3070 1436 3131 St.
1467 3067 1502 3130 fi-

240 3173 321 3235 lium
357 3175 503 3236 Cernecb
539 3190 569 3237 et
605 3174 748 3236 Lucham
780 3189 932 3236 sartorem
969 3176 1009 3236 ad
1044 3189 1117 3237 octo
1153 3176 1221 3237 dies
1244 3176 1284 3236 ad
1309 3195 1420 3257 pacem
1457 3189 1502 3235 est

241 3295 421 3363 prorogata.

349 3387 427 3448 Item
449 3387 558 3449 relicta
590 3387 668 3449 Suik
700 3400 809 3448 contra
842 3387 1032 3449 Michaelem
1065 3387 1165 3449 filium
1199 3386 1244 3450 St.
1269 3387 1380 3448 Kuche
1403 3387 1502 3448 tercio

242 3494 334 3554 citata
360 3513 424 3554 non
449 3493 638 3576 comparuit.

419 3710 516 3784 feria
544 3716 651 3784 tercia
679 3715 834 3802 proxima
862 3720 938 3801 post
967 3711 1167 3783 dominicam
1194 3712 1324 3800 Jodica.

776 3873 819 3940 (9.
843 3865 968 3940 aprile).

348 4022 456 4083 Primo
489 4022 613 4084 Malech
644 4022 729 4084 filius
753 4023 869 4084 Marias
899 4035 1025 4084 tenetur
1053 4040 1154 4102 usque
1185 4021 1498 4101 quintumdecimum

242 4127 328 4188 diem
352 4125 474 4189 solvere
499 4128 635 4191 Iohanni
659 4130 802 4190 Barbaco
825 4129 853 4189 V
877 4128 946 4189 flor.

347 4233 425 4294 Item
450 4254 543 4295 cause
566 4255 629 4315 que
653 4249 824 4296 moventur
845 4235 926 4295 inter
944 4234 1073 4293 Petrum
1096 4229 1226 4293 fratrem
1250 4232 1325 4292 laxe
1343 4245 1373 4292 et
1391 4234 1499 4294 Maren

242 4340 489 4401 subsolintorem
513 4341 553 4401 ad
578 4354 650 4403 octo
675 4341 742 4401 dies
766 4340 805 4401 ad
830 4358 941 4422 pacem
969 4351 1043 4399 sunt
1066 4351 1244 4420 prorogate.

348 4445 425 4506 Item
450 4447 611 4509 Marketus
635 4445 794 4507 aurifaber
818 4458 943 4506 tenetur
959 4443 1033 4504 dare
1057 4442 1188 4504 domine
1212 4442 1333 4503 Benole
1357 4443 1389 4503 in
1407 4443 1499 4523 quln-

243 4548 333 4610 denis
356 4550 474 4612 Pasche
498 4571 596 4613 unam
618 4551 756 4614 scrofam
780 4562 811 4613 et
833 4568 935 4611 unum
959 4567 1102 4631 porcum.

347 4657 426 4719 Item
458 4658 639 4721 Demetrius
670 4671 780 4720 contra
811 4668 946 4717 matrem
977 4653 1123 4715 Kunicbe
1155 4653 1259 4735 primo
1291 4653 1403 4714 citatus
1434 4673 1497 4714 non

243 4763 430 4845 comparuit.
