3488 5250
234 295 275 378 76
608 298 696 354 Anno
718 308 807 374 1357.
832 331 873 340 -
899 312 948 357 10.
966 273 1123 374 januarii.

237 547 238 550 ’
268 514 363 616 Nota,
392 533 480 622 qnod
509 535 615 604 tercia
644 533 730 604 ferlo
759 536 912 621 proxima
941 541 1017 622 post
1045 534 1168 606 festum
1197 535 1460 627 Boiohaniarum

798 659 932 728 domini.

632 809 732 883 (Anno
755 820 841 885 1357.
867 824 915 872 10.
931 812 1104 888 januarii.)

341 943 449 1005 Primo
475 943 514 1009 G.
540 946 621 1007 Zuik
654 960 780 1008 tenetur
810 948 932 1009 solvere
966 947 1217 1012 confraternitati
1242 951 1499 1014 Teutonicorum

234 1048 277 1112 XI
303 1050 434 1112 baculos
459 1071 529 1112 cere
554 1072 626 1114 cum
651 1052 770 1116 medio.

340 1157 417 1218 Item
454 1158 539 1220 idem
573 1158 612 1220 G.
644 1159 725 1220 Zuik
757 1173 866 1221 contra
899 1161 1036 1222 Mathias
1069 1160 1198 1223 fratrem
1222 1163 1363 1224 custodis
1395 1163 1499 1245 primo

234 1263 355 1327 iudicio
380 1263 618 1347 perhemptorie
644 1279 770 1327 tenetur
794 1267 996 1347 respondere.

341 1370 419 1431 Item
446 1371 522 1432 Iuan
545 1391 644 1452 gener
668 1371 815 1433 Radsech
843 1386 956 1434 octavo
989 1373 1041 1434 die
1066 1388 1191 1435 tenetur
1222 1374 1346 1435 solvere
1371 1372 1501 1456 Endrey

235 1474 350 1536 Zuizth
373 1476 463 1537 XXX
489 1477 595 1538 minus
622 1477 644 1537 ll
670 1477 819 1538 denarios
843 1492 875 1539 et
893 1479 1008 1539 eodem
1035 1479 1086 1540 die
1110 1479 1196 1540 idem
1214 1481 1290 1540 Iuan
1315 1493 1380 1566 met
1395 1493 1501 1540 sextus

234 1579 415 1664 juramento
441 1583 602 1644 mediante
626 1597 752 1645 tenetur
775 1604 808 1644 se
833 1603 1019 1666 expurgare.

241 1669 243 1674 ³
341 1686 419 1749 Item
445 1688 519 1749 Kun
544 1689 648 1770 primo
673 1690 786 1750 citatus
809 1704 918 1750 contra
944 1690 1059 1751 Mench
1084 1709 1149 1751 non
1175 1691 1363 1773 comparuit.

342 1791 418 1853 Item
439 1794 465 1857 l.
485 1793 593 1856 Ordus
617 1809 730 1856 octavo
748 1795 799 1856 die
816 1809 942 1872 tenetur
959 1796 1136 1877 producere
1153 1797 1373 1858 testimonium
1392 1810 1502 1858 contra

236 1897 451 1960 Laurentium
477 1898 602 1961 Uarder
625 1920 720 1981 super
744 1901 919 1982 vituperiis.

341 2004 419 2066 Item
441 2005 536 2067 Iuech
561 2005 647 2067 filius
671 2006 812 2067 Farkasii
837 2020 963 2068 tenetur
995 2005 1072 2067 feria
1096 2020 1184 2067 sexta
1214 2006 1359 2087 proxima
1382 2006 1501 2088 produ·

236 2129 306 2172 cere
331 2111 551 2172 testimonium
577 2125 686 2173 contra
711 2111 846 2172 Peterko
870 2126 1022 2173 sutorem.

340 2217 418 2278 Item
444 2218 540 2300 Myke
572 2216 657 2279 filius
690 2217 804 2278 Arsole
836 2217 1001 2278 convictus
1025 2232 1072 2278 est
1103 2231 1212 2278 contra
1243 2217 1372 2278 Petrum
1395 2216 1500 2279 filium

236 2322 401 2404 Valteryni
427 2322 566 2403 iuratum
590 2324 719 2385 racione
750 2324 965 2405 quorumdam
992 2322 1240 2405 opprobriorum
1271 2324 1444 2384 verborum
1468 2323 1501 2383 in

237 2442 375 2509 quatuor
399 2430 514 2490 marcis
537 2444 569 2491 et
592 2429 689 2510 judici
715 2429 747 2490 in
773 2448 835 2490 una
862 2428 1025 2490 solvendis
1049 2427 1130 2489 infra
1154 2428 1212 2489 XV
1236 2428 1333 2493 diem.

342 2534 420 2595 Item
446 2537 523 2596 luan
547 2535 651 2596 dictus
669 2534 821 2597 Cemmer
846 2533 927 2595 infra
943 2547 1093 2595 octavum
1119 2533 1204 2594 diem
1230 2546 1354 2594 tenetur
1377 2534 1501 2596 solvere

237 2641 389 2722 magistro
415 2641 509 2703 Petro
532 2641 776 2703 trichesimatori
802 2640 853 2703 Illl
878 2661 1009 2702 mareas.

344 2747 422 2809 Item
436 2747 582 2809 Thomas
598 2767 733 2828 magnus
750 2747 854 2829 primo
872 2746 991 2824 judicio
1008 2747 1164 2807 adventus
1180 2746 1228 2806 sui
1246 2757 1354 2807 contra
1372 2745 1502 2806 Petrum

236 2873 293 2936 per
316 2854 403 2915 Bene
427 2867 458 2915 et
483 2854 627 2914 Marcum
650 2854 872 2914 testimonium
897 2853 1074 2933 producere
1098 2865 1233 2914 tenetur.

342 2960 421 3021 Item
445 2960 534 3040 Zuga
558 2973 666 3020 contra
691 2958 906 3020 Marchichanr
931 2958 1036 3040 prImo
1060 2958 1153 3018 citata
1176 2977 1242 3018 non
1267 2955 1455 3038 comparuit.
1490 3040 1493 3045 ,

344 3066 421 3127 Item
446 3066 532 3126 iuxta
557 3078 696 3126 nostram
722 3065 899 3146 legitimam
930 3064 1191 3125 commissionem
1224 3060 1264 3124 G.
1288 3062 1445 3124 Ztaunich
1469 3061 1501 3122 in

236 3172 375 3254 presenti
399 3171 520 3233 iudicio
544 3183 653 3231 contra
678 3169 852 3231 familiares
875 3189 1059 3251 comparere
1080 3169 1228 3246 debebat,
1253 3168 1307 3249 qui
1333 3183 1367 3229 ut
1391 3166 1501 3230 debuit

236 3278 427 3359 comparuit,
454 3289 541 3358 parte
564 3291 671 3337 tamen
697 3275 829 3336 adversa
853 3277 994 3336 absente.

342 3383 545 3444 Item=Paula
570 3395 678 3444 contra
704 3381 843 3442 eundem
867 3379 949 3441 inlra
967 3379 1025 3440 XV
1043 3380 1129 3440 diem
1154 3378 1347 3460 respondere
1364 3392 1500 3439 tenetur.

343 3490 420 3551 Item
447 3490 521 3550 licet
552 3489 671 3550 Paulus
701 3489 732 3549 in
765 3488 903 3570 presenti
936 3487 1055 3548 iudicio
1088 3501 1196 3548 contra
1230 3485 1410 3547 Iohannem
1439 3486 1502 3546 Ne·

236 3607 341 3674 terget
365 3614 550 3676 comparere
575 3595 747 3672 debuisset,
772 3609 877 3655 tamen
903 3613 967 3654 non
992 3593 1080 3653 venit
1104 3612 1162 3654 nec
1195 3612 1252 3673 pro
1277 3612 1309 3653 se
1334 3593 1420 3653 misit
1444 3592 1500 3653 ali·

238 3720 336 3781 quem
360 3701 588 3782 responsalem.

344 3806 422 3865 Item
447 3805 548 3865 Pausa
579 3819 688 3866 contra
722 3805 766 3867 St.
800 3805 936 3865 condam
970 3804 1109 3864 iudicem
1142 3823 1235 3885 super
1259 3803 1402 3884 quodam
1433 3823 1502 3864 mo-

242 3909 375 3970 lendino
400 3922 430 3970 et
453 3924 533 3971 terra
558 3911 671 3971 arabili
698 3931 754 3992 per
785 3912 971 3991 magistrum
995 3911 1125 3971 Petrum
1151 3910 1280 3991 Ligerii,
1305 3908 1447 3971 Kussech
1472 3922 1503 3971 et

239 4015 273 4076 P.
300 4015 457 4076 UalterIni
481 4016 701 4077 testimonium
733 4017 910 4097 producere
942 4016 1089 4094 debebat,
1114 4016 1169 4096 qui
1202 4016 1279 4076 dum
1304 4035 1359 4076 eos
1382 4015 1502 4097 produ·

238 4121 344 4198 uisset,
369 4120 433 4180 duo
458 4140 495 4181 ex
520 4122 564 4180 eis
588 4139 695 4181 coram
720 4123 814 4182 nobis
844 4120 1000 4182 testificati
1026 4121 1196 4181 extiterunt
1223 4135 1319 4202 prout
1343 4120 1382 4181 de
1407 4139 1501 4181 causa

239 4226 391 4302 sciebant,
423 4225 543 4286 scillcet
574 4227 724 4305 magister
748 4227 781 4287 Ρ.
815 4228 931 4309 Ligery
965 4241 995 4288 et
1023 4226 1166 4287 Kussech
1198 4226 1361 4305 antedicti,
1385 4227 1502 4289 tercius

237 4350 316 4391 vero
340 4330 460 4391 seilicet
484 4331 595 4392 Petrus
618 4331 773 4393 Ualterini
800 4353 831 4393 se
857 4334 1023 4414 quitquam
1042 4334 1120 4393 scire
1145 4333 1184 4394 de
1213 4353 1306 4394 causa
1332 4333 1503 4415 abnegavit

240 4455 299 4496 nec
323 4435 491 4515 quitquam
512 4434 678 4496 testificare
705 4438 785 4497 inter
808 4453 913 4518 partes
936 4439 1067 4499 curavit.
1151 4453 1160 4470 ·

345 4540 423 4600 Item
434 4540 541 4601 Petres
554 4540 692 4601 carnifex
706 4557 814 4603 contra
828 4544 865 4604 N.
881 4544 958 4605 Petk
978 4544 1083 4625 prImo
1101 4545 1213 4605 citatus
1227 4563 1292 4605 non
1312 4545 1501 4626 comparuit.

346 4644 424 4707 Item
449 4665 529 4706 uxor
553 4645 689 4706 Mathias
719 4659 826 4708 contra
852 4649 1043 4730 Dyonisiuru
1078 4649 1182 4730 primo
1207 4650 1299 4711 citata
1324 4668 1389 4710 non
1414 4668 1502 4710 eom·

242 4765 355 4829 paruit.
