3488 5250
606 332 807 413 Ann01363.
832 369 874 379 -
898 350 949 414 14.
972 339 1081 396 martii.
1417 354 1479 418 257

323 549 401 610 Item
426 547 574 628 quamvis
605 545 737 628 quidam
769 543 910 608 famulus
941 545 1097 607 Iohannis
1128 546 1261 608 Barbaci
1286 547 1318 607 in
1342 546 1479 628 presenti

216 654 336 736 judicio
374 667 483 715 contra
518 653 682 714 Donatum
718 671 902 734 comparere
938 652 1119 731 debuisset,
1153 666 1261 714 tamen
1294 672 1360 714 non
1395 652 1482 714 venit

217 779 277 821 nec
301 759 397 823 misit.

323 866 403 926 Item
427 864 566 945 quedam
590 863 743 925 Katerina
767 877 876 925 contra
901 863 1053 925 Perusam
1087 883 1153 925 non
1184 877 1288 945 potest
1313 863 1485 944 quitquam

218 990 311 1052 agere
337 969 396 1031 nisi
415 970 568 1051 depositis
592 968 631 1031 III
648 969 755 1050 pensis
770 969 803 1030 in
819 969 939 1051 quibus
955 969 1108 1030 remansit
1124 987 1181 1051 pro
1199 968 1326 1030 duobus
1345 967 1481 1048 judiciis.

407 1204 504 1277 Feria
533 1208 640 1276 tercia
668 1206 822 1294 proxima
851 1213 928 1294 post
956 1205 1157 1277 dominicam
1185 1206 1314 1279 Ietare.

755 1375 820 1452 (14.
843 1375 965 1449 martir).

327 1532 436 1594 Primo
462 1531 596 1613 Egidius
613 1532 786 1613 Hungarus
804 1547 914 1593 contra
932 1531 1095 1594 Andream
1121 1532 1161 1593 ad
1177 1545 1251 1594 octo
1276 1532 1344 1593 dies
1368 1534 1487 1615 recepit

220 1638 396 1699 terminum
421 1638 461 1698 ad
485 1636 757 1720 respondendum.

329 1743 407 1804 Item
431 1743 539 1805 Petres
562 1756 671 1804 contra
695 1741 866 1805 dominum
890 1743 997 1804 Deseu
1020 1743 1232 1825 presbiterum
1256 1743 1296 1806 ad
1321 1756 1394 1806 octo
1418 1744 1487 1806 dies

221 1848 343 1929 recepit
366 1848 540 1910 terminum
564 1849 605 1909 ad
632 1848 904 1931 respondendum.

330 1955 407 2016 Item
433 1953 529 2015 bodie
553 1973 655 2036 usque
690 1974 760 2016 sero
785 1955 901 2037 Mykus
930 1954 1014 2017 filius
1048 1954 1188 2034 Martini,
1212 1955 1266 2016 VII
1288 1974 1402 2037 pensas
1433 1955 1487 2015 de·

222 2061 387 2123 uariorum
412 2074 538 2122 tenetur
560 2060 684 2122 solvere
710 2061 786 2121 WIk
811 2059 1072 2122 molendinatori.

328 2185 406 2247 Item
431 2197 545 2246 octavo
569 2183 620 2245 die
643 2184 729 2245 idern
759 2185 875 2267 Mykus
907 2184 1024 2246 iurabit
1047 2198 1157 2246 contra
1189 2185 1358 2246 domiuum
1383 2185 1488 2245 Deseu

223 2291 433 2368 sacerdotem,
450 2303 689 2371 procuratorem
706 2289 933 2368 archidiaconi,
953 2310 1048 2372 super
1067 2290 1260 2372 quibusdam
1278 2290 1382 2369 metis,
1399 2289 1487 2372 quod

224 2397 336 2459 eedem
362 2410 445 2458 mete
469 2395 537 2476 jure
562 2410 593 2457 et
616 2398 656 2457 ab
679 2397 813 2478 antiquo
838 2397 1020 2478 pertineant
1043 2396 1084 2457 ad
1110 2395 1260 2459 eundem.

330 2520 409 2581 Item
434 2539 534 2601 usque
559 2519 738 2601 quindenas
754 2519 892 2581 MichaeI
917 2519 1001 2581 filius
1019 2520 1063 2581 St.
1089 2518 1204 2600 judicis
1227 2519 1268 2580 VI
1293 2532 1325 2582 et
1348 2519 1488 2582 mediam

224 2644 356 2707 pensam
381 2639 506 2687 tenetur
530 2625 653 2686 solvere
678 2624 779 2686 Paulo
811 2625 935 2707 pictori,
960 2626 1077 2706 quibus
1110 2624 1195 2686 idem
1222 2624 1340 2686 Paulus
1366 2644 1422 2707 per
1446 2623 1491 2685 eI·

225 2729 304 2792 ficax
328 2731 549 2792 testimonium
575 2750 648 2792 eum
673 2731 732 2791 sibi
757 2731 858 2792 teneri
887 2731 1119 2812 comprobavit.

332 2837 410 2899 Item
434 2851 549 2898 octavo
573 2837 624 2897 die
649 2837 773 2898 BlasIus
797 2849 906 2898 contra
929 2836 1130 2897 Demetrium
1155 2856 1211 2917 per
1235 2837 1433 2898 Domianum
1450 2837 1490 2899 de

226 2943 321 3024 Vgra,
348 2944 458 3004 Kuren
481 2940 661 3003 carnificem
693 2957 724 3002 et
754 2941 857 3004 filiurn
893 2942 1024 3003 Henrici
1048 2944 1178 3002 sartoris
1208 2962 1303 3024 super
1326 2944 1492 3026 vituperiis

226 3048 447 3110 testimonium
472 3047 650 3128 producere
674 3047 779 3109 debet.

333 3155 411 3216 Item
437 3154 564 3215 Marcus
587 3153 627 3214 de
644 3153 854 3214 WIkomerch
873 3168 981 3215 contra
1000 3154 1251 3216 machinatorem
1268 3151 1393 3215 domini
1411 3155 1493 3235 regis

227 3260 332 3343 primo
360 3260 473 3321 citatus
497 3278 562 3319 non
586 3259 775 3341 comparuit.

334 3365 412 3426 Item
438 3365 552 3425 Patren
577 3379 685 3426 contra
711 3365 818 3447 Matey
839 3366 944 3447 primo
969 3367 1082 3427 citatus
1106 3385 1171 3426 non
1196 3367 1387 3447 comparuit.

335 3473 411 3534 Item
438 3484 553 3532 octavo
584 3471 636 3532 die
667 3471 818 3531 dominus
852 3471 988 3552 Mykech
1024 3491 1109 3532 nunc
1134 3471 1228 3554 judex
1260 3485 1369 3533 contra
1403 3473 1492 3535 Rade

228 3577 432 3660 pannicidam
459 3597 514 3658 per
536 3577 721 3656 Draganum
746 3575 978 3657 (testimonium
1003 3577 1179 3658 producere
1204 3576 1321 3656 debet).

337 3701 413 3761 Item
438 3714 553 3761 octavo
578 3699 629 3760 die
654 3700 762 3761 relicta
781 3699 859 3760 WIk
876 3720 970 3780 super
994 3720 1059 3781 quo
1084 3700 1200 3760 iurabit
1223 3712 1332 3761 contra
1359 3701 1493 3762 EIenam

231 3805 312 3867 infra
336 3826 434 3866 unam
458 3825 609 3881 marcam,
634 3804 695 3866 hoc
720 3806 786 3887 ipsa
811 3804 934 3866 solvere
961 3805 1100 3866 debebit.

336 3910 413 3971 Item
439 3911 589 3990 Dragona
613 3925 723 3971 contra
755 3909 878 3972 Giurak
908 3912 949 3972 ad
973 3924 1046 3973 octo
1079 3912 1146 3972 dies
1178 3910 1297 3993 recepit
1320 3912 1495 3973 terminum

231 4016 271 4077 ad
296 4016 567 4098 respondendum.

337 4122 415 4182 Item
441 4121 542 4183 Cursa
565 4122 604 4183 de
630 4122 763 4182 Rabuch
795 4137 904 4183 contra
928 4123 1105 4184 Hearicum
1130 4123 1300 4206 pellificem
1324 4125 1430 4205 primo
1453 4125 1495 4186 ci·

231 4241 314 4288 tatus
338 4246 402 4288 non
433 4228 621 4309 comparuit.

339 4333 416 4393 Item
441 4347 555 4393 octavo
580 4332 630 4392 die
662 4334 769 4415 Matey
802 4347 913 4395 contra
944 4336 1118 4415 quemdam
1149 4334 1306 4395 famulum
1330 4354 1425 4396 suum
1448 4334 1497 4416 ju·

233 4438 315 4500 rabit
340 4439 417 4518 quid
444 4438 574 4520 dampni
599 4439 658 4498 sibi
684 4437 804 4516 fecerit,
824 4453 855 4500 et
878 4440 1007 4501 tandem
1026 4439 1112 4500 idem
1137 4439 1277 4501 famulus
1295 4441 1354 4501 sibi
1372 4441 1496 4502 solvere

233 4544 373 4606 debesa.
1541 4524 1549 4539 '

339 4650 417 4711 Item
442 4649 604 4710 Johannes
628 4649 715 4712 faber
736 4664 845 4711 contra
870 4650 1014 4712 relictam
1031 4651 1121 4712 Pauli
1139 4649 1179 4712 ad
1203 4665 1276 4713 octo
1294 4651 1363 4712 dies
1379 4651 1498 4733 recepit

234 4756 406 4817 terminum
431 4756 471 4816 ad
495 4756 784 4837 respondendum

1397 4847 1486 4944 17¹
