3488 5250
630 342 716 399 Anno
739 338 831 417 1560.
854 376 898 385 -
920 356 951 418 4.
976 341 1149 419 septembn's.
1456 340 1514 422 187

251 553 388 615 martiris
412 553 514 634 posita
538 572 611 614 cum
635 551 750 614 eodem
776 552 904 614 racione
935 552 967 614 in
992 571 1057 633 quo
1081 552 1275 630 remanebit,
1298 551 1404 613 eidem
1428 552 1514 614 solu-

251 671 341 720 turus
365 658 486 721 existet.

358 765 434 826 Item
460 765 564 845 primo
588 764 708 846 judicio
737 764 863 827 Mikech
896 763 980 826 filius
1005 764 1165 826 Leunardi
1197 778 1307 826 contra
1334 765 1514 826 Marketum

252 868 448 931 aurifabrum
473 871 693 932 testimonium
726 889 791 952 quo
824 870 940 932 melius
971 871 1087 951 poterit
1119 870 1276 931 adducere
1300 871 1461 932 tenebitur
1484 885 1516 932 et

253 977 392 1055 debebit,
418 977 587 1058 ipsumque
611 977 832 1038 testimonium
856 976 944 1038 idern
977 978 1139 1038 Marketus
1170 977 1380 1059 personaliter
1404 977 1515 1039 audire

253 1083 392 1145 debebit.

358 1189 436 1250 Item
462 1190 623 1251 Marketus
654 1187 814 1251 aurifaber
846 1201 956 1250 contra
988 1188 1166 1250 Iohannem
1201 1189 1356 1271 Neterger
1379 1187 1419 1248 ad
1443 1201 1516 1250 octo

252 1295 321 1357 dies
345 1295 464 1377 recepit
487 1295 660 1357 terminum
685 1293 725 1355 ad
749 1293 1021 1375 respondendum.

359 1401 437 1461 Item
463 1401 658 1462 Laurentius
690 1399 827 1462 Vardich
859 1414 969 1462 contra
1001 1400 1078 1461 Iuan
1103 1400 1241 1463 Plauech
1266 1401 1371 1482 primo
1403 1400 1517 1461 citatus

253 1526 318 1568 non
350 1507 538 1588 comparuit.
1102 1519 1105 1523 ’

359 1612 437 1674 Item
462 1632 555 1674 causa
580 1631 643 1694 que
667 1611 799 1673 vertitur
823 1612 905 1674 inter
918 1613 958 1673 N.
983 1627 1013 1674 et
1038 1611 1216 1673 Johannem
1241 1611 1344 1673 filium
1370 1610 1516 1672 Matheus

253 1717 293 1778 ad
319 1718 458 1799 primum
484 1718 638 1798 judiciam
663 1717 702 1778 ad
727 1737 838 1798 pacem
862 1732 909 1779 est
932 1732 1112 1799 prorogata.

358 1824 435 1885 Item
464 1824 644 1885 Demetrius
667 1837 777 1885 contra
806 1823 985 1886 Johannem
1018 1823 1120 1886 filium
1144 1825 1251 1906 Erney
1274 1825 1379 1907 primo
1404 1825 1517 1886 citatus

253 1949 319 1992 non
343 1931 531 2011 comparuit.

359 2036 435 2097 Item
461 2036 572 2098 Punek
597 2050 705 2097 contra
731 2037 807 2097 Iuan
828 2035 964 2118 GaIgam
982 2037 1086 2118 primo
1111 2037 1224 2098 citatus
1241 2056 1305 2098 non
1326 2036 1516 2117 comparuit.

359 2144 435 2204 Item
461 2142 579 2203 Paulus
611 2143 695 2204 filius
729 2142 811 2203 Petri
843 2143 938 2204 Zolar
968 2143 1073 2224 primo
1098 2143 1211 2204 citatus
1242 2157 1351 2204 contra
1375 2141 1514 2224 judicem

253 2269 318 2310 non
343 2249 531 2330 comparuit.

361 2355 439 2416 Item
463 2374 556 2415 causa
582 2374 644 2436 que
670 2355 803 2416 vertitur
835 2354 916 2415 inter
947 2355 1090 2417 Baboieb
1114 2369 1144 2416 et
1168 2353 1270 2416 fiIIum
1304 2354 1386 2415 Petri
1419 2353 1514 2415 Zolar

252 2480 288 2521 ac
312 2459 414 2521 filium
440 2459 587 2541 Gregorii
612 2458 651 2521 ad
679 2473 752 2521 octo
777 2460 845 2521 dies
868 2460 908 2521 ad
933 2480 1045 2544 pacem
1069 2474 1115 2522 est
1138 2474 1317 2543 prorogata.

360 2566 437 2627 Item
462 2565 589 2628 CernIra
614 2580 723 2628 contra
741 2565 872 2628 Gordak
896 2566 936 2628 ad
961 2580 1034 2629 octo
1053 2567 1122 2629 dies
1143 2567 1262 2648 recepit
1285 2566 1457 2628 terminum
1475 2565 1515 2627 ad

253 2671 525 2753 respondendum.

359 2778 436 2839 Item
463 2778 578 2859 Magda
603 2797 683 2839 uxor
707 2777 862 2840 Iohannis
892 2779 1052 2840 Vidonich
1078 2793 1187 2841 contra
1220 2797 1351 2840 uxorem
1388 2778 1514 2840 Andree

253 2884 394 2945 secundo
418 2884 512 2945 citata
537 2903 601 2945 non
626 2885 815 2966 comparuit.

359 2990 436 3050 Item
460 3003 574 3052 octavo
598 2991 649 3051 die
674 2991 749 3052 Iuan
768 2990 871 3073 GaIga
896 3005 1004 3053 contra
1022 2992 1165 3053 relictam
1190 2992 1286 3054 Blasii
1312 3013 1367 3075 per
1384 3011 1516 3054 uxorem

257 3095 387 3158 Henrici
413 3095 559 3177 pellificis
583 3111 614 3158 et
645 3096 791 3158 Todcam
825 3116 920 3178 super
950 3098 1116 3179 vituperiis
1147 3099 1366 3160 testimonium
1399 3097 1517 3181 produ·

254 3222 324 3264 cere
350 3202 454 3264 debet.

360 3309 436 3369 Item
471 3309 569 3369 Iunas
600 3322 709 3369 contra
746 3310 913 3370 Mortonos
948 3310 1130 3372 seIIatorem
1166 3310 1270 3391 primo
1301 3311 1414 3371 citatus
1451 3329 1516 3371 non

255 3414 444 3495 comparuit.

360 3520 438 3581 Item
463 3520 566 3602 primo
591 3520 711 3601 judicio
734 3519 952 3582 Lancbolotus
975 3536 1084 3583 contra
1109 3521 1271 3583 Thomam
1297 3541 1353 3603 per
1381 3540 1512 3583 uxorem

255 3626 352 3687 Janez
377 3626 489 3687 decani
515 3640 545 3687 et
570 3645 701 3687 uxorem
727 3626 804 3687 WIIt
828 3627 944 3688 sutoris
974 3628 1193 3688 testimonium
1218 3627 1394 3708 producere
1419 3627 1514 3688 debet

255 3751 350 3813 super
375 3752 425 3809 eo,
449 3732 538 3812 quod
555 3733 614 3793 sibi
632 3752 690 3813 pro
714 3731 778 3793 filia
795 3753 851 3793 sua
869 3732 1089 3794 fideiubuisset
1107 3748 1140 3795 ut
1158 3736 1197 3794 ab
1216 3753 1336 3794 eonon
1354 3732 1516 3808 exularet;

359 3838 421 3899 alia
446 3838 532 3898 enim
550 3857 643 3899 causa
661 3838 803 3899 eiusdem
822 3838 1013 3901 Lancholoti
1030 3853 1139 3900 contra
1164 3839 1303 3900 eundem
1320 3838 1360 3899 ad
1378 3837 1516 3898 eundem

254 3944 427 4005 terminum
452 3958 498 4005 est
522 3959 702 4026 prorogata.

360 4049 438 4109 Item
464 4049 507 4112 St.
531 4050 740 4112 stationarius
757 4063 866 4111 contra
892 4051 1076 4112 Farcaaium
1094 4050 1219 4112 fabrum
1239 4048 1380 4112 secundo
1405 4048 1518 4110 citatus

254 4174 318 4216 non
344 4156 533 4237 comparuit.

360 4260 437 4322 Item
463 4262 570 4344 Matey
595 4261 679 4324 filius
703 4263 801 4323 Marci
827 4276 936 4324 contra
968 4263 1043 4324 Iuan
1061 4262 1164 4324 filium
1189 4261 1358 4342 Dragozlai
1375 4261 1517 4323 secundo

254 4366 367 4428 citatus
392 4386 456 4427 non
482 4369 671 4449 comparuit.

361 4472 438 4533 Item
463 4492 557 4534 causa
582 4493 645 4554 que
669 4475 802 4536 vertitur
826 4475 906 4535 inter
924 4475 962 4537 N.
984 4475 1109 4536 Cordar
1133 4488 1164 4535 et
1181 4473 1371 4535 Michaelem
1389 4470 1514 4534 fabrum

255 4600 290 4642 ac
314 4579 510 4641 servitricem
536 4581 604 4641 eius
628 4579 668 4642 ad
691 4581 833 4662 primum
855 4580 1011 4662 judicium
1044 4594 1091 4642 est
1124 4593 1305 4662 prorogata.
1329 4578 1432 4642 Cuius
1454 4598 1517 4640 ser·

256 4685 350 4748 vitrix
374 4686 463 4765 dixit,
495 4687 582 4767 quod
615 4705 688 4748 cum
720 4705 776 4770 per
810 4686 973 4768 quendam
1009 4705 1143 4767 puerum
1177 4685 1326 4748 meretrix
1359 4684 1517 4766 appellata

257 4791 376 4872 fuisset,
399 4793 624 4877 respondisset,
650 4793 738 4875 quod
762 4791 888 4855 fortasis
913 4806 1014 4854 mater
1046 4792 1116 4853 eius
1147 4805 1237 4854 esset.
1270 4790 1406 4853 Michael
1430 4791 1516 4852 enim
