3488 5250
631 341 832 422 Anno1360.
859 380 899 388 —
924 356 970 421 17.
995 347 1104 406 martii.

338 553 415 614 Item
440 552 620 614 Lukachius
636 552 720 614 filius
737 554 775 616 N.
793 554 921 635 pistoris
938 569 1047 616 contra
1064 554 1257 637 Gregorium
1276 575 1332 637 per
1349 556 1493 636 Paulam,

232 678 289 741 per
312 677 442 719 uxorem
469 658 580 736 Pause,
605 678 660 740 per
683 659 826 721 relictam
850 660 975 722 Nicolai
1000 660 1154 743 Kukulyn
1187 675 1218 722 et
1240 680 1372 722 uxorem
1398 661 1494 723 Blasii

233 764 435 826 Bremennak
470 783 565 846 super
599 765 785 827 verberibus
815 780 845 827 et
874 767 1089 827 traccionibua
1119 767 1341 829 testimonium
1376 767 1495 848 produ·

233 889 303 931 cere
327 869 432 930 debet.

338 975 416 1038 Item
441 976 551 1037 Maren
576 976 770 1039 subsoliator
794 991 903 1039 contra
928 977 1093 1041 Gerdnam
1124 976 1267 1040 secundo
1292 978 1406 1040 citatus
1429 997 1495 1041 non

233 1083 422 1164 comparuit.

342 1188 420 1250 Item
453 1187 604 1249 domiuus
637 1189 736 1249 lector
767 1189 909 1251 secundo
941 1188 1054 1251 citatus
1085 1203 1193 1251 contra
1217 1189 1402 1271 Horgocam
1430 1210 1496 1251 non

232 1294 421 1376 comparuit.

337 1399 415 1461 Item
440 1398 571 1460 domina
594 1399 718 1483 Cycilia
742 1400 889 1463 terciario
913 1401 1006 1462 citata
1023 1414 1131 1463 contra
1156 1402 1300 1463 Iuaniam
1325 1403 1494 1464 mulierem

233 1504 403 1587 Oprechye
426 1524 491 1566 non
510 1507 698 1588 comparuit,
721 1520 751 1568 et
767 1520 881 1568 octavo
899 1507 950 1567 die
971 1527 1027 1589 per
1050 1527 1082 1568 se
1108 1507 1158 1569 vel
1174 1527 1230 1590 per
1253 1522 1493 1590 procuratorem

231 1625 356 1672 tenetur
381 1630 576 1692 comparere.

339 1716 416 1777 Item
440 1716 593 1777 Nicolaus
616 1715 756 1778 carnifex
788 1716 891 1778 dictus
924 1717 1107 1780 Orzlichich
1140 1732 1250 1779 contra
1274 1719 1404 1780 Petrum
1428 1739 1495 1781 car-

232 1820 359 1883 nificem
384 1821 489 1903 prImo
513 1823 626 1884 citatus
651 1840 716 1884 non
741 1824 929 1904 comparuit.

338 1928 415 1989 Item
433 1926 615 2008 Gurgurich
631 1929 772 1990 secundo
791 1930 904 1991 citatus
921 1944 1030 1991 contra
1047 1930 1212 1991 Ernricum
1226 1950 1292 1992 non
1306 1931 1495 2012 comparuit.

337 2033 415 2094 Item
439 2049 552 2096 octavo
577 2035 628 2095 die
653 2035 818 2096 Janinnus
843 2035 1038 2117 KrupichIch
1064 2049 1173 2098 contra
1199 2034 1326 2098 Gorech
1351 2037 1381 2098 in
1408 2037 1494 2099 furtu

232 2138 296 2199 duo
321 2139 416 2201 habet
440 2139 617 2221 juramenta
642 2141 759 2221 quibus
783 2155 847 2202 met
870 2142 995 2221 tercIus,
1018 2155 1048 2202 et
1065 2142 1180 2202 eodem
1205 2142 1256 2204 die
1281 2143 1348 2224 ipae
1367 2143 1493 2206 Gorech

231 2243 326 2305 habet
349 2245 578 2326 probationem
604 2259 713 2308 contra
738 2246 890 2308 eundem.

336 2351 413 2411 Item
440 2351 514 2412 IIcet
538 2352 660 2434 Symon
685 2352 832 2414 sacerdos
856 2351 1031 2414 Bedicham
1064 2352 1245 2414 carnificem
1269 2354 1426 2435 legittime
1451 2355 1493 2415 ci·

231 2469 336 2534 tasset,
360 2469 468 2518 tamen
492 2471 579 2518 actor
603 2459 739 2519 existens
763 2478 828 2519 non
851 2459 938 2519 venit
963 2478 1021 2520 nec
1044 2459 1140 2538 misit,
1164 2460 1237 2521 ideo
1262 2474 1372 2521 contra
1388 2460 1494 2542 ipsum

231 2581 325 2641 agere
349 2582 414 2623 non
429 2555 557 2644 'poterit
580 2565 640 2624 nisi
664 2563 820 2643 judicium
846 2565 996 2646 deponet.

336 2668 414 2729 Item
439 2688 540 2749 usque
565 2669 744 2750 quindenas
760 2670 868 2731 relicta
893 2670 968 2731 Kun
985 2683 1112 2731 tenetur
1134 2670 1256 2731 solvere
1281 2671 1409 2732 Emrico
1427 2690 1494 2732 car·

231 2772 316 2833 nifici
341 2774 352 2832 I
381 2773 449 2835 flor.

336 2878 413 2941 Item
439 2879 564 2942 Malech
587 2881 686 2941 tercio
711 2881 824 2942 citatus
847 2894 956 2942 contra
981 2881 1075 2942 Sosse
1101 2901 1165 2942 non
1196 2882 1385 2963 comparuit.

297 3097 391 3183 Nota,
420 3099 505 3187 quod
536 3101 643 3170 tercia
669 3099 755 3170 ferIa
782 3103 938 3189 proxima
966 3108 1043 3189 post
1071 3100 1271 3172 dominicam
1298 3102 1426 3175 Latara.

750 3256 811 3329 (17.
845 3254 965 3325 marta).

337 3407 444 3468 Primo
469 3407 614 3469 Thomas
638 3408 741 3469 dictus
768 3408 906 3471 Meduch
939 3423 1047 3471 contra
1073 3411 1150 3471 luan
1176 3409 1314 3472 PIauech
1347 3410 1387 3472 ad
1419 3425 1492 3472 octo

232 3513 300 3574 dies
324 3515 443 3594 recepit
465 3516 638 3575 termInum
663 3515 703 3575 ad
727 3515 999 3596 respondendum.

337 3619 414 3681 Item
439 3620 591 3681 Nicolaus
624 3621 840 3702 carpentarius
870 3636 979 3683 contra
1013 3622 1188 3704 Symonem
1222 3635 1363 3682 sutorem
1388 3623 1492 3702 primo

232 3725 345 3785 citatus
368 3745 432 3786 non
458 3726 646 3806 comparuit.

336 3830 413 3891 Item
438 3832 592 3893 Arnoltus
616 3847 724 3893 contra
759 3833 937 3894 Iohannem
970 3834 1122 3913 Neterger
1152 3834 1257 3915 primo
1282 3833 1395 3894 citatus
1427 3853 1491 3894 non

230 3936 418 4016 comparuit.

335 4042 412 4101 Item
438 4041 581 4104 Cernech
616 4042 770 4104 ZeIezche
803 4057 912 4106 contra
945 4045 1072 4106 Petrum
1106 4045 1145 4105 ad
1177 4058 1250 4105 octo
1275 4044 1342 4105 dies
1373 4045 1493 4127 recepit

231 4148 403 4208 terminum
428 4148 466 4208 ad
485 4149 756 4230 respondendum.

336 4254 412 4314 Item
439 4253 565 4314 Mikech
600 4255 758 4316 Francisci
792 4269 901 4316 contra
933 4256 1102 4317 dominum
1134 4255 1288 4338 P(etrum)
1313 4255 1491 4337 I(ectorem)

231 4358 349 4439 recepit
372 4359 544 4419 terminum
571 4360 609 4420 ad
635 4375 708 4421 octo
732 4360 801 4421 dies
825 4361 864 4421 ad
891 4362 1161 4442 respondendum.

336 4464 412 4525 Item
439 4465 550 4526 Petrus
574 4465 679 4543 Zolar,
705 4466 748 4527 St.
775 4466 913 4548 Saluych
941 4481 972 4528 et
996 4467 1177 4529 Demetrius
1201 4481 1358 4528 mercator
1382 4481 1491 4528 contra

231 4570 358 4630 Petrum
383 4568 485 4631 filium
512 4570 628 4632 Donati
654 4572 758 4652 primo
783 4572 869 4632 citati
893 4592 958 4633 non
982 4587 1240 4654 comparuerunt.

336 4676 412 4737 Item
446 4690 559 4737 octavo
591 4676 641 4738 die
675 4678 827 4739 Nicolaus
857 4698 956 4759 gener
989 4679 1112 4740 Malech
1145 4699 1201 4760 per
1231 4678 1430 4756 Iohannem,
1455 4679 1492 4742 L.

231 4782 352 4843 JeIIcam
384 4797 414 4843 et
447 4787 573 4843 Annam
606 4802 738 4844 uxorem
771 4783 890 4866 Wythe
922 4798 1031 4846 contra
1059 4785 1143 4846 Iwan
1175 4804 1329 4866 generum
1355 4783 1493 4847 Mathias

1390 4911 1421 4952 11
