3488 5250
239 359 301 419 240
616 343 703 400 Anno
725 340 816 418 1362.
843 375 883 385 -
908 353 957 417 25.
981 344 1109 401 octobris.

344 552 422 613 Item
447 570 548 633 usque
572 550 751 633 quindenas
780 551 918 613 Jancech
950 564 1137 634 procurator
1160 550 1225 613 filie
1251 551 1375 614 Malech
1408 552 1503 614 debet

237 657 362 719 solvere
384 658 520 719 Nicolao
536 676 656 739 genero
681 656 825 718 eiusdem
843 657 969 719 Malech
985 671 1122 738 quatuor
1145 677 1259 739 pensas
1276 672 1307 719 et
1329 671 1392 719 tres
1409 678 1502 739 quar·

237 765 335 826 terios
359 764 446 826 bladi
471 763 634 825 frumenti.

344 871 422 932 Item
448 871 553 952 primo
585 869 705 950 judicio
736 869 888 930 Nicolaua
920 882 1029 930 contra
1058 868 1272 931 Benedictum
1303 888 1398 951 super
1421 869 1502 930 vitu·

238 977 334 1059 periis
357 976 422 1037 suis
446 990 477 1037 et
501 995 557 1037 sue
582 974 738 1037 consortis
760 993 817 1057 per
840 994 972 1036 uxorem
991 973 1074 1036 Petri
1100 974 1299 1036 LetouanIch
1323 987 1354 1035 et
1370 993 1502 1035 uxorem

237 1081 392 1143 Iohannis
416 1081 456 1142 de
481 1079 698 1142 Hraztouicha
721 1080 943 1141 testimonium
968 1079 1144 1163 producere
1170 1079 1276 1142 debet.

344 1187 420 1248 Item
447 1187 552 1269 primo
577 1185 697 1267 judicio
721 1186 858 1248 Bartuch
877 1200 986 1248 contra
1003 1186 1167 1247 Andream
1186 1205 1242 1268 per
1266 1185 1402 1247 Paulum
1420 1186 1502 1246 Leu-

238 1295 328 1356 nardi
353 1308 384 1356 et
407 1293 587 1355 Iohannem
619 1291 722 1354 filium
754 1293 831 1354 Iuan
861 1313 957 1375 cuper
987 1293 1154 1374 vituperiis
1185 1292 1405 1353 testimonium
1429 1310 1502 1372 pro-

238 1401 354 1463 ducere
378 1401 483 1461 debet.

343 1506 422 1567 Item
448 1526 541 1567 causa
567 1506 637 1567 Elie
661 1519 692 1568 et
708 1505 812 1567 Vanae
830 1519 877 1567 est
901 1505 941 1565 ad
957 1519 1030 1566 octo
1053 1504 1121 1566 dies
1138 1504 1179 1566 ad
1196 1523 1307 1586 pacem
1321 1517 1501 1585 prorogata.

343 1612 421 1672 Item
445 1612 550 1693 primo
573 1611 693 1691 judicio
718 1611 894 1694 Dyonisius
922 1624 1030 1672 contra
1056 1610 1167 1672 Obrad
1192 1611 1382 1692 piscatorem
1407 1610 1503 1671 debet

237 1717 443 1800 respondere.

343 1825 421 1885 Item
446 1844 539 1885 causa
564 1823 700 1885 Jancech
725 1838 755 1884 et
780 1825 949 1885 Mortorros
972 1837 1019 1884 est
1042 1821 1082 1883 ad
1108 1823 1250 1904 primum
1273 1820 1429 1902 judicium
1446 1840 1502 1903 per

237 1942 331 1991 testes
355 1942 538 2011 prorogata.

343 2037 421 2097 Item
446 2055 538 2096 causa
563 2034 718 2096 Iohannis
741 2033 798 2095 filii
824 2035 902 2096 Iuan
928 2048 958 2096 et
983 2035 1091 2095 Petres
1122 2032 1231 2095 estad
1256 2033 1396 2115 primum
1420 2031 1502 2111 judi·

238 2144 322 2204 cium
346 2140 385 2203 ad
411 2160 523 2223 pacem
547 2153 729 2222 prorogata.

343 2248 420 2309 Item
453 2248 591 2308 Iacobus
622 2247 697 2307 Kun
728 2265 829 2326 usque
861 2245 1040 2327 quindenas
1072 2245 1169 2306 debet
1200 2245 1324 2306 solvere
1360 2244 1500 2305 Martino

238 2354 362 2436 Reyniz
388 2353 428 2413 VI
454 2372 575 2414 marcas
599 2366 629 2412 et
652 2352 681 2412 X
706 2350 864 2413 denarios.

344 2459 421 2519 Item
446 2458 490 2519 St.
517 2456 656 2539 Saluych
680 2456 784 2538 primo
809 2457 921 2517 citatus
945 2471 1054 2517 contra
1079 2457 1189 2518 Petres
1221 2475 1286 2516 non
1311 2455 1499 2536 comparuit.
1531 2460 1534 2466 '

343 2564 420 2624 Item
444 2563 547 2645 posita
579 2576 625 2623 est
656 2582 737 2643 pena
761 2562 790 2622 X
822 2582 1001 2624 marcarum
1033 2563 1114 2624 inter
1136 2563 1213 2624 Petk
1238 2578 1269 2624 et
1301 2561 1494 2644 Gregorium

237 2674 276 2733 ab
301 2690 380 2748 una,
405 2684 436 2731 et
460 2668 605 2731 Cernech
631 2669 780 2751 Betrizyn
805 2670 845 2731 ab
869 2669 968 2730 altera
990 2669 1016 2730 si
1040 2689 1112 2751 pars
1137 2683 1260 2751 partem
1283 2670 1381 2730 verbo
1398 2667 1499 2730 offen·

238 2777 326 2838 deret
342 2776 408 2836 sive
433 2774 527 2854 Iacto,
552 2789 582 2835 et
605 2774 722 2856 poterit
745 2793 801 2856 per
817 2775 917 2835 lesam
934 2788 1056 2856 partem
1081 2776 1296 2857 comprobari.

343 2882 421 2943 Item
445 2881 550 2963 primo
574 2880 693 2961 judicio
717 2900 798 2941 uxor
826 2881 897 2942 Elie
921 2881 1010 2962 parvi
1031 2895 1140 2942 contra
1173 2881 1336 2963 quandam
1359 2882 1501 2963 puellam

237 3008 293 3070 per
317 3006 449 3048 uxorem
473 2986 671 3067 Veningerii,
695 2985 839 3067 Ryhcam
864 2999 895 3048 et
920 2988 1034 3048 Katam
1054 2987 1275 3049 testImonium
1299 3006 1394 3069 super
1417 2987 1500 3049 vitu-

237 3095 333 3175 periis
356 3092 532 3174 producere
557 3092 661 3153 debet.

343 3200 421 3285 Item
436 3199 525 3260 Rade
542 3199 646 3280 primo
664 3199 777 3259 citatus
794 3213 904 3260 contra
922 3198 1058 3281 Mykech
1069 3199 1209 3278 judicem
1227 3219 1291 3261 non
1309 3199 1498 3281 comparuit.

343 3305 421 3367 Item
444 3305 549 3386 primo
574 3303 694 3385 judicio
711 3304 866 3365 adventus
883 3305 1052 3365 Marketini
1077 3305 1110 3366 in
1128 3306 1318 3386 Zagrabiam
1335 3304 1496 3367 Iohannes

177 3419 180 3423 ’
236 3410 321 3472 filius
345 3411 422 3471 Iuan
446 3409 562 3489 jurabit
585 3409 673 3489 quod
698 3410 764 3491 ipse
783 3410 826 3473 M.
850 3410 911 3471 sibi
935 3423 997 3470 tres
1013 3428 1126 3491 pensas
1149 3423 1327 3487 teneretur3
1350 3409 1376 3471 si
1392 3423 1499 3471 autem

236 3537 295 3600 pro
319 3531 394 3579 tunc
419 3517 523 3598 ipsum
538 3515 717 3577 Johannem
741 3530 817 3578 tunc
833 3518 943 3578 abesse
968 3517 1141 3597 confingat,
1168 3534 1233 3576 non
1257 3517 1454 3578 succumbet.

342 3624 421 3684 Item
446 3624 561 3705 Mykus
584 3621 669 3683 filius
694 3623 822 3683 Martini
843 3621 985 3683 secundo
1010 3622 1122 3684 citatus
1146 3635 1257 3683 contra
1273 3622 1351 3683 WIk
1376 3621 1500 3683 molen·
1527 3609 1530 3613 ’

238 3729 416 3791 dinatorem
440 3747 506 3789 non
531 3730 719 3810 comparuit.

344 3836 421 3897 Item
457 3835 567 3896 Smina
604 3834 702 3895 Pauel
738 3848 846 3895 contra
883 3833 1065 3914 Dragonam
1101 3832 1244 3896 secundo
1283 3833 1395 3895 citatus
1434 3852 1500 3894 non

238 3942 425 4024 comparuit.

343 4048 421 4110 Item
447 4068 540 4109 causa
565 4047 718 4110 Farcassii
744 4045 825 4108 fabri
851 4060 881 4107 et
904 4045 961 4107 filii
986 4046 1127 4107 Prenarii
1153 4058 1200 4106 est
1223 4044 1265 4106 ad
1287 4045 1428 4127 primum
1453 4043 1501 4125 ju·

238 4156 358 4217 dicium
383 4154 423 4215 ad
443 4173 555 4236 pacem
580 4166 761 4235 prorogata.

343 4260 421 4321 Item
446 4260 524 4321 Zedi
548 4259 704 4321 Martinus
725 4272 834 4319 contra
852 4256 1040 4319 Grecicham
1064 4258 1169 4340 primo
1188 4257 1300 4319 citatus
1323 4276 1390 4318 non
1414 4276 1500 4318 com·

238 4366 353 4447 paruit.

343 4472 419 4533 Item
446 4472 556 4533 Petrus
589 4470 742 4532 Valterini
775 4469 815 4530 ad
848 4468 1082 4549 judicacionem
1115 4469 1293 4549 juratorum
1326 4468 1358 4528 in
1392 4487 1441 4547 eo,
1465 4481 1501 4529 ut

238 4577 374 4639 Iancech
399 4578 430 4639 in
456 4578 589 4639 crimme
613 4576 762 4657 vituperii
786 4576 894 4637 matria
919 4575 1018 4657 ipsius
1042 4576 1177 4637 Peterko
1201 4574 1289 4636 aolus
1313 4573 1443 4636 deberet
1466 4593 1500 4634 se

238 4703 424 4765 expurgare,
438 4682 566 4759 factam,
584 4701 648 4743 non
666 4694 841 4759 cententus,
859 4680 900 4742 ad
916 4681 1114 4762 presenciam
1131 4680 1338 4762 antiquorum
1356 4678 1500 4760 judicum

237 4787 278 4848 ad
302 4789 441 4871 primum
466 4787 622 4869 judicium
646 4786 832 4869 appellavit.
