3488 5250
678 329 762 392 Anno
785 331 949 410 θύος·-
973 346 1024 412 23.
1040 337 1135 413 junii,

380 542 458 604 Item
490 542 648 604 Janchech
681 545 1009 627 contra‘magistrum
1042 545 1221 608 Iohannem
1253 546 1395 608 secundo
1427 546 1541 608 citatus

276 667 341 708 non
367 649 555 730 comparuit.

383 753 461 815 Item
486 753 648 815 Iohannes
671 755 928 817 Zobotacontra
962 754 1138 839 Georgium
1162 756 1305 819 secundo
1336 757 1449 819 citatus
1474 776 1539 818 non

278 860 466 940 comparuit.

381 965 459 1027 Item
485 965 629 1047 Dragech
654 966 923 1038 contraPausam
955 967 995 1028 ad
1026 981 1100 1030 octo
1124 967 1192 1029 dies
1221 968 1340 1050 recepit
1362 968 1539 1030 terminum

275 1071 316 1132 ad
341 1071 613 1153 respondendum.
662 1097 664 1100 ’

382 1194 459 1255 Item
485 1193 530 1256 St.
555 1194 639 1256 filius
663 1194 808 1257 Cernech
832 1208 941 1257 contra
966 1197 1091 1258 Banum
1114 1197 1220 1280 primo
1237 1198 1350 1259 citatus
1366 1216 1431 1258 non
1448 1215 1537 1260 com·

276 1300 392 1381 paruit.

383 1405 461 1467 Item
485 1425 579 1467 causa
612 1426 675 1488 que
706 1407 838 1469 vertitur
870 1408 951 1469 inter
981 1408 1170 1471 Michaelem
1195 1408 1295 1471 Saffar
1327 1423 1358 1471 et
1381 1409 1539 1471 Iacobum

277 1512 351 1573 Kun
377 1512 417 1573 ad
442 1511 621 1592 quindenas
645 1526 691 1573 est
714 1526 895 1594 prorogata.

382 1617 460 1679 Item
486 1618 623 1680 Iacobus
646 1619 775 1679 ZIrotIra
800 1632 909 1681 contra
941 1619 1045 1681 Eliam
1069 1595 1296 1682 stacionarium
1326 1619 1469 1681 secundo
1496 1620 1538 1681 ci-

276 1737 359 1785 tatus
391 1742 454 1784 non
480 1724 668 1806 comparuit.

382 1847 459 1908 Item
484 1847 606 1908 Obram
630 1848 724 1909 ZoIar
748 1862 857 1911 contra
881 1849 1073 1931 Dyonisium
1095 1848 1223 1912 fratrem
1248 1869 1341 1910 suum
1366 1849 1471 1931 primo
1495 1849 1539 1910 ci-

277 1966 360 2014 tatus
384 1972 449 2013 non
475 1954 662 2034 comparuit.

382 2059 461 2120 Item
485 2057 570 2120 filius
594 2061 729 2142 Ztoyani
755 2073 863 2121 contra
881 2061 1010 2122 Petrum
1033 2059 1136 2123 filium
1161 2060 1273 2122 decani
1297 2061 1402 2142 prImo
1427 2060 1539 2121 citatus

277 2184 340 2225 non
367 2164 555 2246 comparuit.

382 2270 460 2332 Item
484 2270 570 2331 idem
594 2269 679 2332 fiIIus
702 2272 837 2353 Ztoyani
868 2285 976 2335 contra
1008 2272 1085 2333 Iuan
1117 2272 1257 2334 Plauech
1289 2273 1392 2354 primo
1425 2271 1539 2334 citatus

277 2397 340 2439 oon
367 2377 555 2459 comparuit.
1472 2453 1473 2456 Ἴ

382 2484 461 2544 Item
484 2497 598 2544 octavo
622 2483 672 2544 die
687 2483 815 2546 Lachko
836 2485 869 2545 in
888 2504 949 2545 una
974 2499 1061 2567 parte
1086 2499 1151 2546 met
1166 2486 1293 2564 tercius,
1311 2486 1343 2546 in
1368 2482 1429 2546 alia
1447 2498 1535 2566 parte

278 2603 344 2649 met
367 2588 526 2650 secundus
548 2587 653 2669 jurare
678 2588 782 2651 debet.

356 2709 358 2712 ⁴
385 2693 461 2755 Item
486 2694 509 2755 si
536 2713 636 2776 usque
667 2708 740 2755 octo
773 2694 840 2755 dies
870 2694 967 2756 Iuana
999 2715 1072 2757 cum
1097 2695 1182 2758 Mik'e
1215 2691 1433 2770 concordabit,
1455 2695 1539 2755 bene

278 2800 422 2880 quidem,
445 2799 589 2880 alioquin
614 2799 738 2861 iusticia
763 2798 817 2861 fiet
840 2800 895 2864 eis.
980 2842 985 2846 -

385 2923 463 2984 Item
487 2923 562 3005 quia
587 2921 790 2984 KonchIinus
812 2923 975 2985 Andream
1000 2923 1108 2985 filium*
1120 2924 1260 3007 Philippi
1285 2925 1418 3006 turpiter
1442 2926 1474 2986 in
1491 2924 1538 3007 ju·

278 3030 357 3091 dicis
381 3043 552 3111 conspectu
588 3029 797 3109 vituperavit,
833 3030 997 3091 convictus
1029 3044 1076 3090 est
1110 3046 1219 3093 contra
1251 3031 1390 3092 eundem
1422 3031 1453 3091 in
1486 3030 1538 3092 HII

279 3136 393 3198 marcis
417 3149 447 3197 et
471 3134 568 3217 judici
593 3135 625 3195 in
651 3154 714 3195 una
739 3134 771 3195 in
796 3135 967 3215 quindenis
991 3135 1162 3199 soluturus.

383 3243 461 3303 Item
484 3241 561 3303 feria
585 3254 671 3303 sexta
694 3260 780 3302 nunc
811 3255 944 3303 ventura
977 3241 1178 3303 KonchIinus
1202 3262 1258 3303 sua
1283 3258 1313 3302 et
1344 3242 1480 3304 Mathias
1503 3261 1538 3302 ac

279 3350 424 3411 Andreas
447 3349 593 3410 similiter
615 3367 672 3409 sua
696 3347 764 3428 jura
788 3348 956 3409 ostendere
982 3348 1155 3410 debebunt.

384 3474 461 3534 Item
486 3492 587 3553 usque
612 3471 791 3552 quindenas
823 3471 959 3532 Michael
984 3471 1071 3533 faber
1101 3485 1228 3533 tenetur
1251 3473 1375 3534 solvere
1408 3472 1537 3534 Andree

279 3580 370 3642 fabro
395 3596 458 3642 tres
481 3600 551 3641 cum
577 3578 682 3639 media
706 3598 818 3660 pensas
842 3579 1047 3639 denariorum
1073 3591 1103 3639 et
1126 3577 1153 3636 V
1179 3577 1336 3641 denarios.

385 3687 463 3747 Item
488 3704 568 3747 uxor
591 3683 719 3745 Andree
751 3682 832 3744 fabri
864 3698 973 3745 contra
1007 3683 1195 3745 BarberIum
1225 3685 1331 3766 primo
1355 3684 1448 3746 citata
1472 3702 1537 3744 non

279 3792 467 3874 comparuit.

385 3899 462 3959 Item
488 3897 606 3958 Paulus
629 3894 718 3957 faber
742 3908 850 3957 contra
876 3897 958 3978 Spez
975 3896 1016 3957 ad
1033 3910 1106 3959 octo
1131 3896 1199 3957 dies
1223 3896 1341 3977 recepit
1364 3897 1538 3957 termInum

279 4005 317 4065 ad
343 4003 613 4086 respondendum.

384 4128 461 4189 Item
485 4128 630 4189 Andreas
654 4127 742 4189 faber
765 4141 891 4189 tenetur
914 4128 1038 4189 solvere
1063 4127 1163 4188 Paqu
1192 4125 1282 4188 fabro
1307 4127 1338 4187 in
1364 4125 1537 4207 quindenis

280 4228 417 4315 quatuor
441 4253 564 4314 pensas.

384 4337 460 4400 Item
493 4339 524 4400 in
557 4339 729 4420 quindenis
761 4337 884 4400 Malech
916 4350 1042 4399 tenetur
1073 4339 1197 4401 solvere
1226 4337 1378 4400 Chureno
1410 4349 1538 4398 centum

280 4445 427 4505 denarios
451 4459 480 4506 et
504 4445 557 4505 VII
583 4465 656 4506 cum
685 4445 796 4522 obu10,
830 4456 861 4504 et
891 4443 967 4523 quia
997 4444 1097 4504 tercio
1121 4444 1234 4506 citatus
1264 4463 1328 4504 non
1360 4443 1539 4524 comparuit

280 4549 353 4610 ideo
378 4550 408 4610 in
435 4549 553 4629 judicio
578 4551 730 4611 remansit
753 4561 915 4611 consveto.

386 4673 463 4733 Item
501 4673 616 4754 Voyko
656 4687 764 4734 contra
799 4671 884 4732 Vido
923 4671 1132 4733 ioculatorem
1175 4672 1280 4754 primo
1323 4671 1435 4733 citatus
1473 4690 1538 4733 non

280 4777 469 4859 comparuit.
