3488 5250
619 334 706 390 Anno
727 329 818 408 1365.
843 366 887 376 -
904 346 959 409 31.
983 332 1113 391 octobris.

342 543 420 603 Item
450 542 531 602 Kata
556 555 665 603 contra
691 541 736 602 St.
759 540 918 601 Heruatin
935 540 1077 602 secundo
1097 540 1190 601 citata
1216 560 1281 601 non
1313 542 1502 623 comparuit.

342 648 419 709 Item
446 667 540 708 causa
564 666 627 728 que
650 647 783 708 vertitur
808 647 890 707 inter
922 647 1058 707 Pausam
1093 660 1123 707 et
1146 665 1279 707 uxorem
1304 648 1343 708 N.
1374 647 1502 729 pistoris

238 767 286 815 est
310 767 479 834 prorogata
504 752 544 813 ad
569 772 681 834 pacem
704 752 744 812 ad
766 766 839 813 octo
865 753 941 815 dies.
984 769 988 777 ·

344 858 422 920 Item
455 859 643 920 Crizozlaus
674 872 783 919 contra
815 858 977 939 quendam
1018 858 1176 919 villanum
1210 858 1314 939 prima
1345 858 1501 919 citacione
1589 893 1593 899 ·

236 984 302 1026 non
331 965 520 1046 comparuit.

345 1070 422 1131 Item
447 1071 584 1131 Martina
616 1090 695 1131 uxor
726 1069 869 1130 Kussech
899 1083 1008 1131 contra
1040 1069 1203 1131 Thomam
1235 1069 1339 1131 filium
1364 1068 1502 1149 Gurgini

235 1176 377 1237 secundo
402 1176 494 1237 citata
519 1195 585 1237 non
609 1175 799 1257 comparuit.

343 1280 420 1341 Item
446 1286 539 1341 Anna
565 1281 672 1342 relicta
701 1280 837 1362 Mykech
870 1279 926 1341 filii
960 1280 1057 1342 Semk
1082 1295 1192 1342 contra
1215 1281 1298 1341 Kun
1329 1278 1501 1362 pellificem

235 1385 377 1446 secundo
402 1387 495 1447 citata
521 1406 585 1447 non
611 1387 799 1468 comparuit.

343 1493 421 1554 Item
445 1512 538 1553 causa
569 1512 631 1573 que
663 1492 795 1554 vertitur
828 1493 909 1553 inter
942 1492 1028 1553 Iwan
1059 1490 1217 1553 famulum
1250 1491 1448 1552 Marketonis
1471 1504 1502 1551 et

235 1598 405 1660 Niklinum
422 1599 637 1659 monetarium
663 1611 709 1659 est
725 1612 896 1679 prorogata
920 1597 960 1658 ad
976 1597 1197 1659 testImonIum
1214 1596 1325 1658 Jacobi
1349 1595 1406 1658 filii
1424 1597 1501 1657 Jake

235 1704 457 1785 super'tribus
481 1705 586 1784 pensis
611 1701 827 1765 denariorum.

343 1810 420 1870 Item
446 1807 530 1870 filius
555 1809 699 1870 Pezdech
731 1809 763 1869 in
796 1808 968 1889 quindenis
1001 1809 1102 1887 Mark,
1134 1809 1210 1889 quia
1241 1809 1274 1868 in
1298 1808 1394 1869 tercia
1426 1807 1501 1868 cita·

236 1916 329 1977 cione
355 1936 420 1977 non
446 1916 635 1997 comparuit,
659 1929 785 1977 tenetur
808 1916 930 1977 restitui
954 1934 1055 1976 unum
1072 1915 1238 1976 vinculum
1264 1915 1339 1996 equi
1363 1914 1415 1976 vel
1433 1915 1501 1975 eius

235 2022 391 2103 precium.

342 2128 418 2188 Item
451 2126 583 2187 domina
615 2127 793 2206 Margareta
825 2126 934 2187 relicta
966 2126 1135 2187 Laurencii
1168 2140 1277 2187 contra
1310 2125 1501 2187 Michaelem

236 2233 368 2315 Hudlep
393 2233 433 2294 de
456 2233 578 2293 Verner
602 2233 702 2314 prima
727 2233 882 2293 citacione
908 2252 972 2293 non
997 2232 1187 2313 comparuit.

342 2339 420 2400 Item
457 2338 565 2399 relicta
600 2338 721 2398 Vrbani
754 2351 864 2398 contra
895 2337 1036 2398 Iuaniam
1074 2337 1215 2398 secunda
1246 2337 1402 2398 citacIone
1435 2356 1500 2398 aon

236 2445 426 2526 comparuit.

342 2550 420 2611 Item
456 2548 607 2627 Oblicha,
631 2563 739 2610 contra
777 2549 948 2610 NIcolaum
985 2548 1025 2610 de
1057 2549 1227 2610 Branouch
1259 2563 1289 2610 et
1321 2549 1501 2611 Iohannem

236 2655 356 2716 dictum
383 2656 518 2732 Zobota‚
543 2667 630 2716 actor
654 2655 686 2715 in
712 2655 839 2716 duobus
866 2655 1011 2716 terminis
1043 2674 1101 2715 nec
1125 2655 1213 2715 venit
1244 2675 1303 2716 nec
1327 2655 1415 2716 misit
1444 2675 1501 2736 per

238 2761 369 2821 eosdem
394 2773 585 2840 expectatus.

342 2865 420 2927 Item
453 2885 546 2926 causa
580 2885 642 2946 que
682 2866 813 2927 vertitur
848 2868 930 2928 inter
963 2867 1126 2929 Gerdnam
1159 2868 1329 2929 mulierem
1361 2883 1392 2929 et
1423 2870 1500 2930 Iuan

186 2961 188 2964 ¹
237 2972 374 3032 condam
399 2971 542 3032 villicum
575 2971 793 3033 chasmensem
827 2972 866 3033 ad
891 2974 977 3034 diem
1009 2988 1158 3034 octavum
1191 2973 1429 3056 perhemptorie
1461 2975 1501 3035 ad

239 3076 368 3139 finalem
393 3078 588 3138 decisionem
615 3078 717 3139 extitit
740 3092 920 3160 prorogata.

342 3184 419 3245 Item
438 3185 563 3245 Marcus
579 3184 708 3264 jobagio
726 3185 810 3246 Petri
823 3183 880 3245 filii
895 3185 1013 3246 Donati
1030 3186 1081 3246 die
1098 3199 1212 3247 octavo
1224 3186 1319 3247 debet
1336 3185 1500 3268 deponere

238 3289 453 3369 juramentum
477 3305 542 3351 met
563 3304 694 3370 quartus
716 3310 811 3372 super
835 3290 918 3352 facto
943 3291 1173 3353 subtraccionis
1198 3292 1363 3353 cuiusdam
1388 3293 1501 3354 carnis.

237 3523 335 3597 Feria
358 3534 457 3597 sexta
476 3528 630 3615 proxim
650 3527 806 3599 videlicet
825 3530 858 3597 in
883 3528 1001 3614 vigilia
1024 3527 1103 3598 festi
1124 3525 1275 3599 Omnium
1295 3538 1500 3599 sanctarum.

764 3680 825 3755 (31.
850 3680 990 3755 octobris).

342 3817 419 3878 Item
444 3818 628 3878 Radozlaus
652 3819 751 3899 pistor
774 3831 883 3879 contra
908 3819 986 3880 Petk
1010 3819 1112 3900 prima
1137 3819 1292 3879 citacione
1315 3839 1379 3880 non
1413 3838 1500 3880 com-

235 3923 351 4003 paruit.

343 4029 421 4089 Item
447 4029 598 4089 dominus
615 4029 725 4090 Petrus
742 4049 826 4090 nunc
844 4029 938 4119 judex
964 4030 1015 4090 die
1034 4043 1148 4091 octavo
1166 4031 1261 4091 debet
1285 4043 1315 4091 et
1332 4032 1502 4112 assumpsit

235 4135 458 4196 testimonium
486 4135 661 4214 producere
694 4149 803 4195 contra
839 4136 967 4195 Markus
998 4136 1100 4196 filium
1135 4135 1280 4197 GenzIne
1311 4155 1406 4218 super
1430 4136 1501 4215 hoc,

237 4239 326 4320 quod
351 4240 441 4299 idem
455 4241 584 4300 Markus
608 4239 764 4319 obligavit
781 4254 876 4321 caput
893 4254 923 4301 et
945 4241 1161 4321 possessiones
1186 4261 1258 4301 suas
1282 4261 1340 4322 pro
1365 4242 1500 4302 Nicolao

236 4345 304 4406 filio
329 4345 472 4406 eiusdem
497 4346 522 4406 si
549 4346 614 4426 ipse
633 4346 670 4405 N.
697 4346 727 4405 in
757 4345 883 4407 ciuitate
908 4346 1015 4426 aliqua
1034 4345 1145 4407 illicita
1170 4345 1288 4423 fecerit,
1305 4360 1340 4407 ut
1358 4347 1499 4426 aliquem

238 4449 427 4512 interficeret
452 4451 502 4512 vel
527 4452 718 4511 vulneraret.

344 4556 421 4616 Item
454 4555 584 4618 Gerdna
615 4556 666 4616 die
698 4570 811 4617 octavo
843 4557 938 4619 debet
972 4557 1191 4618 testimonium
1225 4559 1400 4639 producere
1426 4577 1499 4618 curn

239 4661 323 4722 Iwan
347 4661 521 4739 sacerdote,
546 4662 666 4743 ZIayka
690 4681 787 4722 uxore
818 4663 857 4725 N.
886 4663 970 4741 Zirk‚
995 4666 1081 4724 Acka
1107 4677 1216 4724 contra
1249 4663 1336 4725 Iwan
1361 4663 1500 4725 condam

238 4766 380 4828 villicum
406 4766 626 4828 chasmensem
651 4787 746 4847 super
770 4765 853 4829 sacto
877 4769 1044 4830 cuiusdam
1068 4769 1214 4851 pecunie.
