3488 5250
653 339 740 396 Anno
763 350 849 414 1357.
874 373 916 381 —
939 355 970 398 2.
986 341 1080 415 junii.

355 549 432 609 ltem
458 548 543 608 idem
570 549 731 609 llarketus
754 565 863 611 contra
881 549 1099 610 Luchachium
1118 549 1316 611 aurifabrum
1340 552 1446 633 primo
1471 551 1514 611 ci-

249 669 332 717 tatus
356 674 420 715 non
446 655 634 735 comparuit.

357 761 433 821 ltem
465 759 571 835 luech‚
606 760 709 821 dictus
745 761 854 838 Piuka,
891 776 999 823 contra
1025 764 1123 825 Perch
1157 765 1261 845 primo
1305 765 1417 825 citatus
1449 782 1513 824 non

250 867 439 947 comparuit.

355 972 432 1033 Item
458 992 550 1033 causa
575 993 638 1053 que
655 975 788 1035 vertitur
812 975 893 1036 inter
911 976 991 1036 Zore
1018 989 1048 1037 et
1065 977 1150 1036 Mile
1175 976 1215 1037 ad
1241 976 1513 1058 composicionem

250 1077 290 1138 ad
316 1092 388 1138 octo
414 1079 482 1138 dies
507 1092 553 1138 est
576 1095 758 1159 prorogata.

357 1183 433 1244 ltem
460 1204 552 1244 causa
577 1203 639 1263 que
664 1185 795 1245 vertitur
820 1186 900 1246 inter
922 1186 1066 1247 Marcum
1084 1187 1265 1248 Lachkonis
1289 1200 1319 1247 et
1343 1185 1457 1266 Artuig
1474 1184 1513 1245 ad

251 1290 525 1370 composicionem
550 1289 728 1351 faciendam
754 1291 793 1352 ad
818 1306 891 1352 octo
916 1292 983 1352 dies
1007 1308 1053 1354 est
1076 1309 1257 1375 prorogata.

357 1395 434 1456 ltem
460 1395 540 1456 Pero
565 1410 673 1456 contra
698 1396 842 1457 Pezdech
869 1398 1037 1460 Nicolaum
1070 1401 1173 1481 primo
1199 1401 1311 1461 citatus
1335 1419 1400 1461 non
1428 1419 1514 1460 cum·

252 1501 366 1583 paruit.

357 1606 435 1667 Item
453 1621 565 1669 octavo
590 1607 642 1667 die
668 1608 840 1670 Krauturm
864 1629 919 1669 sua
946 1610 1154 1673 instrumenta
1179 1625 1244 1672 tam
1269 1611 1399 1691 antiqua
1417 1628 1513 1690 quarn

252 1730 335 1772 nova
360 1711 579 1792 superfundo
604 1713 691 1794 olym
716 1715 812 1774 lanez
838 1715 1007 1795 pannicide
1032 1731 1177 1777 emanata
1202 1729 1310 1777 contra
1335 1716 1514 1777 iohannem

252 1818 417 1897 Neterger,
443 1832 473 1878 et
496 1818 611 1878 eodem
637 1819 688 1879 die
714 1820 779 1900 ipse
805 1821 830 1883 J.
863 1841 919 1902 per
952 1821 1026 1882 luan
1052 1821 1213 1900 Cemmer,
1239 1822 1376 1884 Bartuch
1408 1834 1438 1883 et
1463 1822 1514 1881 Jo-

251 1923 390 1984 hannem
415 1925 580 1985 laurencii
615 1925 834 1986 testimonium
868 1927 1043 2008 producere
1077 1942 1202 1989 tenetur
1234 1948 1328 2010 super
1352 1947 1402 2004 eo,
1426 1927 1515 2006 quod

253 2029 355 2090 dictus
380 2031 477 2090 lanez
498 2032 643 2111 pluribus
668 2032 791 2092 vicibus
814 2046 958 2114 tempore
991 2054 1056 2114 quo
1081 2036 1208 2095 vivebat
1240 2035 1279 2095 ad
1305 2035 1515 2095 ammonicio-

252 2155 325 2196 nem
350 2136 449 2216 ipsius
473 2137 498 2197 J.
524 2151 736 2217 assumpserat
760 2137 938 2199 satisfacere
967 2153 997 2200 et
1020 2139 1224 2200 remeliorare
1249 2140 1288 2199 de
1313 2153 1397 2200 meta
1420 2159 1514 2200 occu-

253 2256 325 2323 pata
350 2243 449 2323 ipsius
474 2242 637 2304 iohannis.
1116 2270 1126 2296 t

360 2348 435 2408 ltem
461 2349 581 2409 Trosth
605 2363 713 2409 contra
739 2349 846 2410 Paulis
870 2351 974 2431 primo
999 2352 1111 2412 citatus
1136 2372 1200 2412 non
1226 2352 1413 2433 comparuit.

360 2456 437 2515 item
474 2454 601 2516 Cernka
636 2457 795 2537 penestica
833 2471 940 2518 contra
977 2457 1150 2539 Endreylro
1185 2459 1290 2539 primo
1327 2461 1419 2518 citata
1451 2477 1516 2518 non

254 2561 442 2641 comparuit.

362 2667 437 2727 ltem
464 2668 538 2747 quia
563 2666 640 2727 Wlk
675 2667 913 2729 molendinator
942 2667 1126 2729 Gabrielem
1160 2668 1261 2729 filium
1287 2668 1410 2730 Pauleti
1435 2668 1517 2728 vitu-

252 2772 375 2853 peravit
402 2787 433 2833 et
457 2772 572 2833 exinde
597 2773 780 2833 testimonio
804 2770 971 2854 fidedigno
1000 2774 1165 2834 convictus
1189 2772 1259 2851 fuit,
1284 2773 1448 2835 convictus
1472 2785 1518 2834 est

254 2897 312 2960 pro
338 2892 425 2958 parte
450 2877 581 2939 adversa
607 2879 638 2938 in
664 2877 788 2939 duabus
816 2879 930 2939 marcis
955 2893 985 2940 et
1010 2880 1115 2939 media
1141 2899 1199 2960 pro
1230 2879 1337 2960 judice
1362 2879 1516 2940 solvenda

254 3003 356 3064 usque
380 2984 565 3064 quindecim
590 2984 668 3046 dies.

360 3089 438 3150 ltem
463 3105 576 3152 octavo
602 3091 652 3151 die
679 3092 833 3152 Martinus
857 3090 941 3152 filius
955 3092 1122 3173 Wllrouoy
1148 3092 1249 3172 jurare
1274 3105 1412 3169 tenetur,
1429 3091 1516 3172 quod

254 3195 293 3256 de
317 3196 411 3256 bonis
427 3197 552 3257 Arnolti
579 3197 610 3256 in
627 3196 725 3257 domo
750 3217 806 3257 sua
830 3197 927 3258 nichil
941 3197 1070 3258 haberet
1088 3198 1137 3258 vel
1163 3198 1323 3259 habuisset
1347 3211 1378 3258 et
1395 3198 1514 3279 specia-

255 3302 326 3362 liter
350 3302 389 3362 de
416 3302 490 3363 vino
516 3321 584 3362 su0.

360 3408 436 3468 ltem
462 3408 486 3468 si
512 3408 619 3468 Petres
644 3408 761 3488 loripes
786 3428 886 3488 usque
911 3423 1059 3469 octavum
1091 3410 1177 3470 diem
1211 3410 1250 3471 de
1281 3409 1439 3490 vituperio
1464 3410 1517 3469 Jo-

254 3512 352 3573 hanni
379 3512 486 3573 Ordus
510 3513 650 3572 inveniet
667 3513 875 3591 voluntatem,
902 3516 982 3574 bene
1015 3515 1157 3594 quidem,
1183 3515 1327 3595 alioquin
1354 3515 1516 3575 iusticiam

254 3617 408 3679 faciemus
430 3618 469 3679 de
495 3618 620 3680 eodem.

308 3836 403 3921 Nota,
433 3838 518 3925 quod
548 3837 633 3908 leria
662 3847 760 3908 sexta
780 3842 932 3926 proxima
960 3848 1037 3928 post
1064 3840 1185 3910 festum
1215 3840 1465 3912 Penthelrostes.

804 3993 850 4065 (2.
866 3992 976 4067 junii).

362 4148 469 4208 Primo
487 4149 704 4228 principaliter
722 4150 859 4209 lacobus
886 4150 989 4210 dictus
1007 4151 1079 4209 Kun
1099 4163 1224 4210 tenetur
1241 4151 1367 4210 solvere
1391 4150 1519 4210 Andree

257 4252 346 4313 fabro
371 4254 408 4312 lll
435 4253 503 4316 flor.
529 4274 629 4333 usque
662 4254 845 4333 quindecim
880 4255 958 4332 dies,
983 4275 1064 4335 quos
1095 4270 1160 4316 tarn
1185 4255 1246 4315 fide
1278 4275 1334 4316 sua
1359 4254 1519 4316 mediante

225 4398 228 4405 ,
256 4377 352 4438 quam
377 4359 562 4420 testimonio
587 4358 750 4439 fidedigno
775 4361 834 4420 sibi
860 4380 934 4421 eum
959 4361 1058 4421 teneri
1084 4362 1314 4442 comprobavit.

360 4465 440 4526 ltem
458 4465 601 4525 Andreas
618 4464 706 4524 faber
725 4479 833 4525 contra
859 4466 999 4547 Endrey‚
1017 4467 1137 4527 dictum
1156 4467 1282 4544 Pzicha‚
1308 4466 1346 4526 ad
1361 4481 1433 4527 octo
1453 4466 1520 4527 dies

257 4572 373 4652 recepit
398 4571 570 4632 terminum
596 4573 635 4631 ad
666 4572 937 4652 respondendum.

362 4678 440 4738 ltem
465 4676 636 4755 lohannes,
668 4678 771 4738 dictus
803 4677 960 4755 sacerdus,
993 4692 1101 4739 contra
1133 4679 1276 4740 relictam
1302 4678 1441 4740 Gilionis
1475 4678 1516 4739 ad

256 4798 328 4844 octo
354 4785 422 4845 dies
446 4784 564 4866 recepit
584 4784 758 4846 terminum
783 4783 823 4845 ad
847 4783 1120 4864 respondendum.
