3488 5250
245 349 307 412 350
629 331 715 389 Am
737 328 828 406 1365.
851 364 896 375 -
908 345 963 407 31.
986 331 1120 394 octodn's.

352 541 432 602 Item
456 540 593 602 Drusina
617 539 670 602 die
699 553 815 601 octavo
846 539 942 602 debet
972 541 1194 603 testimonium
1225 542 1403 624 producere
1435 562 1508 605 cum

243 645 357 724 Paulo,
383 645 513 708 Matheo
537 658 568 708 et
592 646 695 707 Kruse
718 659 829 708 contra
854 644 956 708 Herih
979 665 1075 728 super
1098 645 1182 710 facto
1204 648 1431 729 percussionis.

350 751 429 813 Item
453 770 547 812 causa
571 751 655 813 Petri
679 749 738 812 filii
763 750 886 813 domini
919 751 1037 814 Donati
1060 765 1094 814 et
1117 751 1284 815 Michaelis
1313 752 1372 818 lilii
1396 754 1443 821 St.
1467 755 1508 817 ad

242 857 330 918 diem
353 870 504 919 octavum
529 869 575 918 est
599 870 780 939 prorogata,
803 857 830 918 si
853 875 914 938 pax
937 853 1007 918 fieri
1029 857 1156 938 poterit.

350 964 429 1025 Item
445 981 539 1024 causa
563 981 627 1044 que
644 963 777 1024 vertitur
800 962 882 1024 inter
899 962 1063 1025 Thomam
1081 964 1337 1045 protonotarium
1360 979 1506 1033 nostrum

241 1082 274 1131 et
305 1069 494 1130 Kurkonem
526 1087 629 1149 usque
657 1067 700 1129 ad
730 1066 843 1129 feriam
873 1072 1004 1129 terciam
1034 1068 1075 1130 ad
1106 1069 1234 1131 arbitria
1266 1069 1504 1152 fidedignarum

244 1194 454 1258 personarum
471 1194 528 1256 per
544 1172 671 1235 Mikech
695 1172 797 1236 filiurn
814 1172 928 1234 Hench
952 1186 985 1235 et
1000 1174 1089 1252 luan,
1112 1175 1164 1237 vel
1179 1195 1236 1257 per
1258 1177 1398 1239 eundem
1424 1178 1507 1240 Kur-

242 1282 360 1342 ironem
386 1291 583 1361 assumptum
618 1279 695 1340 item
728 1278 794 1340 Juri
825 1291 967 1340 autorem
999 1293 1030 1340 et
1053 1279 1158 1342 liliam
1189 1281 1417 1344 stationarium
1451 1303 1508 1365 per

242 1385 382 1448 eundem
407 1384 570 1446 Thomam
596 1398 642 1447 est
672 1398 855 1467 prorogata,
885 1383 1035 1465 quitquid
1067 1384 1144 1446 dicti
1168 1385 1278 1447 arbitri
1310 1386 1508 1450 ordinabunt

241 1492 326 1554 dicte
350 1504 454 1574 partes
477 1503 642 1572 acceptare
663 1490 859 1552 tenebuntur
881 1502 913 1551 et
937 1504 1186 1571 assumpserunt.

348 1598 427 1659 item
450 1615 544 1657 causa
567 1614 632 1676 que
655 1609 803 1657 causatur
823 1595 904 1656 inter
921 1594 1091 1659 Nicolaum
1113 1609 1268 1658 sartorem
1292 1609 1325 1658 et
1347 1598 1506 1661 iacobum

242 1704 366 1766 dictum
389 1702 519 1764 Zirotlra
543 1720 645 1783 usque
669 1700 781 1764 feriam
805 1700 934 1762 terciam
959 1701 1000 1762 ad
1017 1701 1105 1781 pacis
1129 1701 1283 1765 unionem
1307 1703 1410 1766 extitit
1432 1723 1506 1786 pro·

241 1822 352 1891 rogata
375 1808 427 1870 vel
451 1807 609 1869 iusticiam
637 1805 827 1870 faciendam.

347 1915 427 1977 item
451 1913 595 1975 Kussecb
620 1911 780 1974 aurifaber
804 1930 905 1993 usque
921 1910 1101 1992 quindenas
1125 1925 1252 1975 tenetur
1273 1920 1398 1976 solvere
1416 1915 1506 1977 Nou·

241 2022 319 2085 koni
342 2021 460 2083 rustico
485 2032 622 2101 quatuor
646 2038 760 2101 pensas
783 2017 990 2079 denariorum
1023 2017 1129 2079 minus
1158 2018 1187 2079 X
1209 2019 1362 2082 denarios
1384 2021 1426 2083 de
1448 2042 1505 2085 an-

238 2131 330 2212 tiqua
354 2141 483 2189 moneta
509 2126 625 2187 ducali.
1470 2210 1472 2213 v

346 2235 426 2296 Item
449 2250 630 2313 causaque
654 2231 786 2291 vertitur
808 2230 890 2290 inter
914 2227 1051 2290 Bnrtuch
1079 2243 1111 2291 et
1134 2230 1216 2291 Zore
1239 2230 1281 2291 ad
1303 2228 1418 2294 feriam
1444 2247 1505 2295 ter·

239 2343 323 2404 ciam
347 2341 387 2402 sd
411 2358 523 2420 pacem
547 2350 595 2398 eat
618 2349 797 2418 prorogata.

347 2447 425 2508 Item
450 2443 537 2505 Elias
560 2440 700 2503 famulus
724 2440 848 2501 domini
872 2442 956 2504 Petri
977 2461 1079 2523 usque
1096 2440 1269 2523 quindenis
1292 2454 1419 2505 tenetur
1434 2462 1505 2525 per·

239 2551 419 2634 hemptorie
444 2548 638 2630 respondere
661 2560 771 2608 contra
796 2544 1012 2609 Crizozlaum.

347 2657 424 2718 ltem
455 2674 549 2715 causa
580 2651 736 2714 Anthonii
768 2650 881 2714 famuli
913 2653 957 2715 M.
988 2652 1051 2715 filii
1071 2652 1109 2714 D.
1141 2667 1173 2713 et
1202 2653 1324 2715 Mareni
1346 2653 1506 2717 camificia

239 2783 343 2845 usque
368 2760 479 2822 feriam
501 2759 632 2820 terciam
657 2757 760 2839 posita
784 2758 911 2819 racione
940 2777 1035 2840 super
1051 2758 1160 2820 debito
1184 2757 1351 2820 cuiusdam
1375 2759 1453 2839 vini,
1478 2761 1504 2823 si

240 2868 412 2933 concordia
435 2865 502 2928 fieri
528 2864 655 2947 poterit,
678 2876 794 2925 extunc
818 2863 976 2944 justiciam
1000 2863 1163 2927 faciemus.

346 2975 425 3035 item
448 2970 569 3053 Wythe
593 2982 694 3030 sartor
716 2983 828 3030 contra
852 2989 985 3031 uxorem
1010 2969 1093 3031 Petri
1117 2968 1175 3032 filii
1203 2970 1351 3053 Krapech
1373 2971 1428 3034 die
1449 2991 1504 3035 oc·

240 3095 314 3143 tavo
339 3080 435 3140 debet
452 3077 612 3158 deponere
630 3074 847 3152 juramentum
863 3088 930 3138 met
952 3072 1085 3155 quartus
1100 3094 1196 3156 anper
1219 3094 1270 3155 eo,
1293 3076 1383 3157 quod
1400 3077 1503 3160 ipsam

239 3183 461 3270 potencialiter
484 3182 524 3242 de
548 3181 646 3242 domo
670 3199 816 3242 sunnon
841 3181 1011 3263 expulisset
1036 3201 1094 3243 nec
1117 3183 1324 3246 verberasset.

346 3290 424 3351 Item
448 3288 592 3370 Velynus
615 3285 744 3368 pellifex
774 3300 884 3349 contra
916 3287 1046 3350 Tomko
1069 3287 1146 3369 quia
1178 3287 1350 3369 judicatam
1374 3309 1504 3353 causam

240 3409 272 3456 et
295 3395 373 3456 olim
398 3393 642 3456 determinatam
666 3390 728 3454 fuit
751 3407 938 3472 prosecutus
961 3394 1139 3474 causaliter,
1171 3394 1203 3455 in
1227 3394 1349 3474 judicio
1372 3395 1431 3457 tali
1455 3416 1504 3458 re·

239 3501 383 3563 manebit
405 3518 503 3581 quam
527 3498 761 3562 decreverimus
783 3496 863 3560 feria
886 3498 992 3562 tercia.

347 3605 424 3665 item
449 3624 542 3665 causa
567 3604 677 3664 lacobi
701 3603 838 3664 condam
869 3602 983 3683 judicis
1007 3617 1037 3664 et
1069 3604 1095 3666 J.
1120 3601 1282 3682 aurifabri,
1314 3604 1390 3685 quia
1416 3605 1504 3667 idem

206 3773 212 3783 ,
240 3714 267 3777 J.
292 3713 512 3776 testimonium
536 3725 645 3773 contra
670 3712 774 3793 ipsum
792 3711 969 3793 producere
985 3712 1154 3772 tenebatur
1178 3724 1209 3772 et
1233 3729 1297 3771 non
1322 3713 1505 3792 comparuit

239 3838 298 3881 nec
322 3819 482 3901 produxit,
506 3818 546 3879 ad
570 3817 656 3878 diem
688 3831 837 3879 octavum
868 3830 964 3898 prout
998 3837 1055 3897 per
1086 3835 1145 3877 noa
1166 3814 1222 3878 fiet
1252 3815 1503 3879 determinatum

240 3923 375 3987 fecimus
398 3924 573 4007 prorogari.

343 4031 422 4091 item
455 4030 563 4091 relicta
594 4028 740 4090 Cernech
776 4028 828 4089 die
858 4041 974 4089 octavo
1004 4026 1101 4089 debet
1132 4025 1236 4106 iurare
1265 4041 1333 4088 met
1361 4029 1503 4090 secunda

239 4154 334 4216 anper
357 4155 408 4214 eo,
432 4135 520 4216 quod
543 4134 640 4215 (eam)
664 4134 741 4195 luan
764 4131 850 4195 filius
874 4132 1043 4212 Pen(dech)
1068 4132 1226 4194 hostiliter
1249 4145 1426 4196 mactasset.

346 4241 424 4301 item
448 4241 556 4301 relicta
588 4241 718 4301 Markus
747 4238 913 4320 quoddam
946 4238 1113 4300 lintiamen
1138 4256 1195 4318 per
1218 4237 1264 4299 St.
1291 4237 1398 4300 filium
1430 4239 1501 4302 Red

239 4346 468 4427 recaptivatum
492 4365 548 4406 aua
572 4346 759 4407 auctoritate
782 4344 865 4405 circa
888 4363 922 4404 se
950 4343 1149 4421 observavit,
1174 4342 1248 4405 ideo
1271 4362 1345 4405 cum
1369 4363 1436 4406 uno
1452 4341 1501 4424 ju·

238 4449 325 4511 dicio
348 4452 520 4513 reservavit
544 4465 664 4513 etcum
688 4450 752 4511 alio
776 4449 941 4511 restituere
963 4449 1058 4510 debet
1073 4461 1146 4529 post
1169 4447 1384 4527 juramentum
1400 4448 1502 4531 ipsias

240 4554 287 4617 St.
311 4574 480 4636 supereo,
505 4556 593 4637 quod
618 4556 738 4617 dictum
762 4554 929 4616 lintiamen
953 4571 1047 4614 auum
1075 4553 1242 4634 proprium
1265 4550 1372 4615 fuerit.

345 4660 423 4722 ltern
448 4662 609 4723 lohannes
634 4660 722 4722 Pucb
745 4675 780 4722 ut
805 4673 893 4720 actor
916 4672 1026 4720 contra
1050 4657 1185 4720 Elenam
1209 4658 1406 4740 partuum
1429 4675 1498 4721 noa

238 4767 429 4848 comparuit.
