3488 5250
652 352 739 408 Anno
762 362 850 426 1355·
879 385 915 393 -
941 363 991 412 22.
1016 349 1097 412 maii.

353 557 429 621 Item
446 559 598 622 Anchech
622 558 782 621 aurifaber
805 559 857 622 die
873 574 986 622 octavo
1003 581 1097 643 super
1121 560 1218 622 fidem
1242 561 1360 642 recepit
1384 561 1507 639 vestita,

248 684 311 745 qua
328 653 458 726 dederat
474 664 617 746 quodam
633 685 745 747 puero,
763 679 793 726 et
809 666 897 747 quod
920 667 1077 748 reciperit,
1096 667 1180 728 idem
1198 667 1321 728 solvere
1337 667 1509 730 tenebitur.

352 784 430 849 Item
454 788 608 850 Nicolaus
631 789 867 868 metsecundus,
892 790 1028 852 Bartuch
1046 791 1133 852 solus
1157 804 1188 851 et
1211 791 1306 869 Iwan,
1330 789 1415 853 filius
1431 792 1512 853 Dra·

246 893 350 974 gozlai
374 893 472 973 solus,
508 894 560 955 die
584 907 697 955 octavo
723 894 841 956 debent
868 896 1085 957 iuramentum
1112 896 1274 978 deponere
1299 911 1408 958 contra
1433 899 1510 960 Jake

247 999 457 1062 ioculatorem
481 1020 576 1082 super
600 999 683 1063 facto
706 1002 930 1083 percussionis.

351 1103 429 1168 Item
461 1107 587 1168 Mikech
619 1107 757 1169 condam
792 1107 889 1170 iudex
921 1121 952 1169 et
987 1109 1136 1189 magister
1173 1108 1335 1171 Iohannes
1367 1110 1510 1171 notarius

246 1210 350 1293 primo
375 1210 495 1291 judicio
520 1212 639 1274 debent
662 1232 847 1296 comparere
873 1228 982 1275 contra
1006 1214 1156 1277 eundem.

350 1332 427 1397 Item
453 1337 571 1398 Paulus
603 1337 700 1398 Zolar
732 1350 841 1398 contra
872 1337 1011 1401 eundem
1037 1358 1139 1420 usque
1170 1338 1256 1399 diem
1281 1351 1430 1400 octavum
1462 1359 1511 1401 re-

246 1441 330 1523 cepit
353 1441 393 1503 ad
416 1461 539 1523 pacem.

351 1546 428 1609 Item
465 1567 558 1610 causa
593 1549 755 1610 servitoris
788 1548 924 1610 Bartuch
960 1563 991 1611 et
1025 1549 1193 1611 cuiusdam
1229 1549 1373 1611 mulieris
1408 1569 1509 1631 usque

245 1651 386 1732 primum
410 1652 565 1714 iudicium
589 1654 629 1714 ad
654 1674 765 1736 pacem
791 1668 836 1716 est
860 1668 1041 1736 prorogata.

411 1870 508 1944 Feria
536 1880 635 1945 sexta
664 1876 819 1963 proxima
848 1880 927 1946 ante
956 1875 1078 1945 festum
1107 1874 1351 1946 Pentechostes.

786 2028 848 2104 (22.
872 2028 965 2103 mair).

349 2185 457 2246 Primo
489 2185 684 2267 Maynardus
719 2185 770 2245 die
802 2197 916 2246 octavo
952 2197 1063 2245 contra
1096 2182 1273 2244 Francham
1308 2185 1505 2247 sacerdotem

245 2289 339 2352 debet
363 2291 567 2373 respondere.

351 2396 427 2458 Item
462 2416 555 2459 causa
587 2396 712 2458 Nicolai
746 2407 777 2458 et
808 2397 974 2457 Martonos
1007 2394 1165 2457 sellatoris
1204 2413 1306 2475 usque
1337 2394 1422 2457 diem
1456 2416 1508 2457 oc-

244 2516 352 2564 tavum
377 2502 417 2563 ad
442 2522 553 2584 pacem
578 2514 625 2563 est
648 2515 829 2584 prorogata.

351 2625 428 2687 Item
464 2626 574 2687 Petrus
608 2638 696 2687 sutor
730 2639 840 2686 contra
872 2624 1035 2686 Donatum
1068 2623 1120 2685 die
1152 2623 1246 2705 primi
1279 2623 1389 2704 judicii
1414 2624 1508 2686 debet

244 2732 446 2814 respondere.

350 2838 426 2899 Item
451 2839 533 2899 inter
563 2836 746 2916 Nicolaum,
776 2834 879 2897 filium
913 2834 1077 2898 Benedicti
1109 2849 1140 2897 et
1176 2833 1371 2914 Gabrielem,
1404 2835 1507 2900 filium

244 2942 378 3020 Pauleti‚
402 2944 478 3024 quia
503 2944 584 3005 inter
608 2944 693 3025 ipsos
711 2942 870 3004 discordia
895 2943 995 3003 oritur
1011 2954 1057 3002 est
1074 2961 1156 3023 pena
1172 2942 1406 3024 quinquaginta
1422 2963 1505 3004 mar·

244 3069 363 3131 carum,
387 3050 411 3111 si
436 3050 508 3131 quis
532 3063 641 3112 contra
665 3049 764 3111 aliurn
790 3068 887 3111 manu
909 3068 942 3109 se
967 3046 1142 3109 admiserit.

349 3175 426 3236 Item
452 3173 611 3256 Georgius
635 3187 744 3236 contra
769 3173 814 3236 St.
839 3173 944 3255 primo
968 3173 1080 3233 citatus
1104 3190 1169 3232 non
1195 3172 1384 3253 comparuit.

349 3280 427 3343 Item
451 3281 560 3343 relicta
584 3280 734 3342 Jurkonis
765 3292 874 3340 contra
908 3278 1034 3340 Mikech
1059 3276 1196 3339 condam
1228 3275 1370 3359 judicem
1402 3278 1507 3360 primo

244 3386 337 3448 citata
361 3406 426 3448 non
450 3386 638 3469 comparuit.

348 3511 425 3572 Item
451 3510 576 3572 Malech
599 3525 707 3571 contra
733 3509 845 3571 Mikou
868 3508 972 3591 primo
997 3508 1110 3570 citatus
1138 3527 1203 3569 non
1227 3508 1417 3589 comparuit.

349 3617 425 3678 Item
451 3617 484 3677 P.
510 3616 665 3698 Machych
689 3629 797 3676 contra
823 3616 891 3676 Kus
914 3615 1019 3696 primo
1043 3615 1157 3675 citatus
1182 3634 1246 3675 non
1271 3613 1460 3695 comparuit.

349 3722 426 3784 Item
452 3722 587 3784 Mathias
611 3735 719 3784 contra
745 3720 943 3782 Demetrium
969 3720 1073 3802 prImo
1087 3720 1200 3781 citatus
1223 3739 1289 3780 non
1314 3719 1502 3801 comparuit.

347 3825 425 3890 Item
449 3828 580 3889 domina
611 3826 721 3889 relicta
746 3825 888 3888 Gracioli
913 3840 1022 3887 contra
1047 3826 1164 3887 Sinech
1189 3825 1294 3907 primo
1318 3825 1411 3886 citata
1434 3844 1501 3886 non

243 3934 432 4016 comparuit.

348 4039 425 4102 Item
440 4037 525 4102 iwan
543 4053 652 4101 contra
669 4040 812 4101 reIIctam
831 4037 934 4100 Gmaz
950 4037 1093 4099 secundo
1110 4038 1223 4098 citatus
1237 4054 1302 4096 non
1316 4034 1504 4116 comparuit.

348 4146 425 4209 Item
450 4147 593 4208 Andreas
625 4145 712 4208 faber
736 4158 845 4207 contra
871 4145 1038 4206 Marenum
1064 4145 1168 4226 primo
1198 4143 1311 4204 citatus
1334 4160 1400 4202 non
1417 4159 1504 4202 com-

243 4253 358 4336 paruit.

347 4356 425 4421 Item
451 4358 536 4419 Mike
560 4372 671 4420 contra
695 4357 780 4440 Span
804 4358 946 4420 secundo
971 4359 1083 4419 citatus
1106 4374 1171 4416 non
1195 4353 1385 4435 comparuit.

346 4461 423 4527 Item
448 4465 559 4525 Kurko
588 4478 619 4526 et
644 4463 770 4526 Mikech
800 4464 935 4546 Kaplich
954 4477 1063 4526 contra
1081 4461 1280 4543 Stephanum
1304 4460 1501 4522 sacerdotem

243 4568 347 4651 primo
372 4569 456 4631 citati
482 4588 547 4630 non
572 4583 830 4652 comparuerunt.

348 4689 425 4755 Item
449 4692 599 4753 Domano
624 4691 714 4753 fabro
746 4711 804 4773 pto
835 4710 917 4772 pena
952 4703 1027 4751 sunt
1060 4689 1120 4750 sibi
1146 4688 1249 4771 posite
1274 4687 1301 4749 V
1327 4706 1442 4764 marce,
1478 4686 1503 4747 si

243 4816 341 4859 manu
364 4798 490 4859 irruerit
512 4811 622 4861 contra
644 4796 819 4879 quamdam
844 4795 1025 4858 mulierem.
