3488 5250
588 326 787 402 Ann01359.
812 330 853 368 *—
876 321 928 384 26.
953 324 1126 382 novembris.
1434 339 1488 399 151

336 534 414 596 Item
439 534 567 598 Gerden
592 554 694 617 usque
719 534 905 615 quindecim
938 534 1006 595 dies
1029 548 1155 595 tenetur
1187 532 1262 594 dare
1285 531 1415 593 Andree
1439 530 1491 591 IIII

231 641 367 702 cubulos
392 640 554 703 frumenti.

336 746 414 808 Item
439 746 570 828 Mathey
593 745 689 808 frater
705 746 810 807 Vanse
827 760 936 807 contra
962 744 1098 807 Katham
1122 762 1253 804 uxorem
1279 741 1372 803 Sosse
1389 740 1494 822 primo

230 851 344 913 citatus
367 871 433 912 non
462 851 651 933 comparuit.

336 957 413 1018 Item
438 956 514 1017 Iuan
540 955 730 1019 Gerbauech
755 956 899 1018 medium
924 955 1074 1017 baculum
1098 974 1169 1016 cere
1185 967 1310 1015 tenetur
1334 952 1409 1014 dare
1426 951 1494 1012 Ma·

231 1083 309 1126 reno
334 1083 434 1144 usque
459 1063 649 1144 quindenas.

337 1169 414 1231 Item
439 1184 553 1231 octavo
579 1170 630 1231 die
657 1169 781 1231 Blasius
803 1168 987 1250 lucifigulus
1011 1181 1077 1228 met
1097 1166 1212 1228 tercius
1236 1179 1267 1227 et
1292 1162 1495 1225 Luchachius

230 1274 315 1336 filius
339 1275 464 1337 Nicolai
487 1276 615 1357 pistoris
638 1275 785 1336 similiter
809 1287 875 1336 met
898 1273 1013 1335 tercius
1030 1285 1137 1334 contra
1163 1273 1258 1353 Myke
1283 1270 1495 1332 Ioculatorem

230 1379 333 1461 jurare
357 1395 516 1443 tenentur.

258 1597 353 1684 Nota,
383 1598 469 1686 qood
498 1598 606 1669 tercia
634 1598 718 1668 feria
746 1599 902 1686 proxima
929 1603 1005 1685 post
1034 1596 1156 1666 festum
1184 1596 1281 1666 beate
1309 1595 1470 1666 Katerine

785 1740 940 1809 virginis.

731 1869 794 1948 (26.
817 1873 1001 1961 novembris).

337 2013 445 2073 PrImo
470 2012 637 2093 Draganus
660 2026 748 2073 sutor
773 2026 881 2074 contra
906 2012 1086 2072 Iohannem
1110 2011 1262 2072 clericum
1285 2009 1426 2072 secundo
1451 2009 1496 2071 ci·

232 2132 314 2179 tatus
339 2137 404 2179 non
429 2118 617 2199 comparuit.

337 2223 416 2285 Item
441 2224 593 2285 Nicolaus
617 2223 833 2306 carpentarius
857 2236 965 2284 contra
998 2222 1073 2283 Ittao
1100 2223 1234 2303 longum
1265 2221 1304 2283 ad
1329 2235 1402 2282 octo
1427 2221 1496 2282 dies

231 2329 351 2411 recepit
373 2330 546 2391 termInum
571 2329 611 2390 ad
634 2328 905 2411 respondendum.

337 2434 415 2496 Item
448 2436 525 2496 Iuan
559 2435 716 2496 ioculator
751 2449 861 2496 contra
894 2434 1108 2517 Meynardum
1143 2433 1249 2515 pritno
1280 2434 1394 2494 citatus
1428 2452 1494 2493 non

233 2540 424 2621 comparuit.

338 2646 414 2707 Item
441 2646 528 2707 Elias
545 2665 662 2728 parvus
678 2658 788 2707 contra
805 2646 910 2707 Vanse
933 2645 1077 2707 secundo
1094 2646 1207 2708 citatus
1223 2665 1289 2707 non
1307 2644 1496 2728 comparuit.

338 2751 416 2813 Item
440 2764 553 2812 octavo
578 2750 631 2812 die
648 2751 777 2812 Domko
793 2764 919 2813 tenetur
936 2766 1046 2813 contra
1063 2750 1194 2813 Churen
1210 2751 1387 2832 producere
1411 2750 1497 2812 testi·

232 2858 380 2919 monium
412 2876 507 2939 super
538 2876 588 2935 eo,
620 2856 708 2938 quod
741 2857 819 2918 dum
852 2857 919 2939 ipse
955 2858 1082 2918 vineam
1113 2859 1173 2920 sibi
1204 2858 1405 2940 resignasset,
1429 2857 1497 2939 ipse

232 2977 345 3045 sponte
370 2982 440 3024 eam
464 2963 644 3046 recepisset,
668 2962 693 3023 si
719 2981 850 3044 quoque
866 2964 1087 3025 testimonium
1104 2963 1280 3045 producere
1300 2983 1366 3025 non
1378 2975 1496 3045 posset,

232 3082 347 3131 extunc
371 3068 450 3130 fides
474 3069 534 3150 ipsi
559 3067 691 3130 Churen
714 3068 961 3130 adiudicabitur.

337 3175 415 3237 Item
441 3175 563 3257 Symon
589 3174 737 3235 sacerdos
759 3187 870 3236 contra
895 3174 1064 3236 Iuaninum
1089 3194 1261 3257 preconem
1285 3173 1428 3236 secundo
1452 3175 1495 3236 ci·

232 3294 315 3343 tatus
339 3302 404 3344 non
429 3281 618 3362 comparuit.

186 3468 189 3474 ι
338 3387 416 3448 Item
441 3386 571 3468 Endrey
605 3385 690 3448 filius
715 3386 850 3448 Mathias
874 3401 983 3448 contra
1014 3386 1220 3449 Crizozlaum
1251 3386 1357 3466 primo
1381 3384 1495 3448 citatus

233 3512 298 3555 non
331 3493 519 3575 comparuit.

338 3600 416 3660 Item
442 3598 601 3660 Janchech
626 3599 747 3660 Ztrelar
764 3612 874 3660 contra
899 3598 1042 3659 Blasium
1067 3598 1105 3659 ad
1124 3611 1197 3659 octo
1216 3597 1285 3659 dIes
1300 3597 1419 3677 recepit
1434 3609 1495 3657 ter·

233 3705 357 3766 minum
383 3704 424 3765 ad
448 3704 721 3786 respondendum.

339 3810 417 3871 Item
440 3809 552 3871 Petrus
575 3809 659 3871 filius
684 3811 792 3872 Iureni
817 3825 926 3872 contra
948 3809 1049 3871 filium
1073 3810 1208 3892 Ztoyani
1233 3823 1348 3871 octavo
1371 3808 1422 3869 die
1439 3827 1497 3890 per

233 3915 310 3977 Iuan
333 3915 484 3994 Plauech,
509 3916 693 3977 Emericum
718 3915 862 3977 Kocbich
887 3930 918 3976 et
940 3915 1110 3976 luaninum
1133 3934 1305 3997 preconem
1330 3934 1425 3996 super
1441 3913 1496 3975 de·

233 4021 301 4082 bito
325 4020 368 4081 XI
393 4040 507 4102 pensas
531 4035 561 4082 et
584 4021 673 4081 XXV
698 4040 807 4082 currus
832 4020 898 4082 fimi
916 4021 1137 4083 testimonium
1160 4021 1348 4103 producere,
1372 4035 1404 4083 et
1419 4020 1496 4102 quia

233 4126 332 4188 tercio
350 4127 463 4188 citatus
476 4146 542 4187 non
559 4127 749 4208 comparuit,
766 4127 839 4188 ideo
857 4128 889 4188 io
907 4127 1062 4188 iudicium
1075 4127 1188 4189 incidit
1199 4127 1296 4189 trium
1313 4146 1495 4208 pensarum.

339 4233 417 4294 Item
443 4232 588 4314 Mychael
613 4231 701 4293 faber
731 4252 831 4314 usque
864 4233 1044 4313 quindenas
1074 4247 1201 4295 tenetur
1231 4233 1356 4294 solvere
1387 4232 1495 4294 Blasio

232 4338 379 4399 XXXIIII
397 4339 555 4416 denarios,
580 4357 661 4419 quos
685 4340 743 4400 sub
760 4338 963 4419 juramentali
988 4339 1195 4421 deposicione
1218 4339 1278 4399 sibi
1304 4358 1377 4400 eum
1394 4339 1495 4399 teneri

234 4444 465 4528 comprobavit,
490 4444 565 4525 quia
589 4444 621 4504 in
646 4445 742 4505 tercia
767 4445 922 4506 citacione
947 4464 1012 4506 non
1036 4445 1225 4526 comparuit.

339 4550 416 4611 Item
442 4550 529 4610 Elias
551 4569 668 4631 parvus
692 4564 801 4611 contra
818 4551 934 4632 Mykus
959 4551 1063 4633 primo
1086 4551 1199 4612 citatus
1222 4569 1288 4611 non
1306 4549 1495 4631 comparuit.

339 4656 417 4717 Item
441 4669 555 4717 octavo
580 4655 631 4717 die
657 4656 848 4718 BenedIctus
880 4656 1009 4738 sellipar
1040 4671 1150 4717 contra
1182 4655 1317 4717 Iuanum
1340 4674 1496 4737 generum

235 4760 338 4823 fratris
361 4762 502 4823 custodis
525 4780 582 4843 per
606 4762 777 4823 Nicolaum
801 4762 842 4823 de
858 4776 968 4823 sancto
987 4762 1128 4844 Symone
1152 4775 1184 4823 et
1208 4780 1342 4824 uxorem
1364 4761 1404 4824 N.
1421 4761 1498 4823 Zre-

235 4868 395 4951 bernyche
420 4887 515 4950 super
539 4866 704 4949 vituperiis
727 4868 947 4930 testImonium
970 4868 1149 4950 producere
1174 4868 1279 4933 debet.
