3488 5250
381 308 422 369 68
755 303 841 360 Anno
864 296 955 377 1356.
980 332 1024 342 —
1047 309 1093 372 15.
1118 296 1286 354 novembris.

431 562 527 640 Nota.
556 559 643 650 quod
671 557 758 629 feria
785 557 894 628 tercia
921 556 1077 644 proxima
1104 560 1182 640 post
1209 549 1333 620 festum
1361 547 1451 617 beati
1481 542 1604 614 Briccii

788 681 933 769 episcopi
963 687 997 749 et
1024 675 1237 748 confessoris.

873 849 933 923 (15.
962 845 1147 920 novembris).

486 1008 594 1070 Primo
620 1008 665 1069 St.
690 1005 786 1068 frater
810 1004 974 1066 Lourandi
998 1015 1107 1064 contra
1132 1000 1294 1062 Andream
1321 995 1520 1058 sacerdotem
1545 990 1645 1054 sancti

380 1115 513 1177 Zakarie
539 1113 644 1195 primo
668 1113 781 1173 citatus
805 1129 870 1172 non
895 1108 1086 1191 comparuit.

486 1237 567 1301 Item
599 1237 782 1298 Hermanus
812 1248 901 1296 sutor
931 1247 1046 1295 octavo
1070 1232 1123 1294 die
1154 1243 1261 1292 contra
1299 1229 1473 1290 Martinum
1498 1239 1564 1287 met
1598 1242 1645 1284 se-

381 1345 507 1406 cundus
529 1362 624 1427 super
641 1342 807 1424 vituperiis
823 1355 854 1403 et
869 1340 1077 1402 baculacione
1093 1352 1219 1401 tenetur
1238 1337 1401 1419 deponere
1419 1333 1645 1414 juramentum.

490 1469 568 1529 Item
604 1467 712 1529 relicta
748 1463 964 1527 Mekkochren
1007 1476 1117 1525 contra
1152 1463 1268 1523 Katam
1304 1459 1410 1541 primo
1452 1457 1546 1517 citata
1580 1471 1647 1514 non

382 1574 573 1655 comparuit.

487 1696 566 1758 ltem
590 1695 636 1758 St.
660 1694 756 1756 iudex
787 1707 897 1755 contra
917 1692 1062 1754 'Pansam
1087 1691 1191 1774 primo
1222 1691 1337 1751 citatus
1360 1707 1425 1750 non
1457 1683 1646 1766 comparuit.

488 1821 567 1882 ltem
592 1819 688 1880 luana
712 1831 821 1880 contra
847 1817 980 1878 luanum
1004 1816 1109 1897 primo
1133 1815 1226 1876 citata
1251 1833 1316 1875 non
1341 1806 1530 1892 comparuit.

488 1944 565 2005 ltem
599 1942 737 2023 quedam
756 1940 885 2002 'mulier
924 1954 1033 2002 contra
1065 1938 1303 2020 Margaretbam
1336 1937 1411 1998 licet
1442 1935 1475 1995 in
1507 1928 1648 2015 presenti

382 2049 502 2113 iudicio
526 2048 653 2110 racione
678 2046 780 2109 lurtus
803 2065 988 2127 comparere
1012 2044 1183 2121 debuisset,
1208 2062 1273 2104 non
1298 2042 1385 2104 venit
1409 2060 1466 2102 nec
1494 2039 1588 2101 misit.
1642 2122 1645 2127 Ι

490 2173 567 2234 Item
599 2169 744 2232 Francha
775 2167 860 2230 filius
889 2168 1002 2230 Nicole
1026 2179 1135 2228 contra
1168 2165 1324 2227 Mathiam
1358 2166 1519 2227 literatum
1542 2165 1648 2246 primo

384 2281 497 2342 citatus
520 2297 586 2339 non
611 2276 800 2358 comparuit.

490 2402 569 2463 ltem
593 2415 640 2463 est
663 2398 854 2476 notandum,
878 2397 966 2479 quod
998 2396 1146 2478 quamvis
1177 2394 1255 2456 feria
1278 2396 1376 2457 tercia
1407 2395 1554 2478 proxima
1578 2406 1651 2477 post

385 2508 502 2570 festum
527 2504 694 2567 divisionis
717 2503 938 2585 apostolorum
962 2521 1018 2584 per
1033 2501 1164 2581 juratos,
1189 2501 1389 2563 consiliarios
1414 2514 1445 2563 et
1469 2499 1649 2562 communi·

384 2627 482 2676 tatem
506 2613 627 2674 lacobo
651 2610 738 2671 dicto
755 2610 829 2670 Kun
853 2608 995 2691 pellifici,
1011 2607 1122 2688 ⁴jurato
1139 2607 1263 2669 concivi
1288 2621 1408 2686 nostro,
1434 2607 1489 2687 qui
1515 2626 1548 2668 se
1566 2606 1648 2666 litte·

387 2718 463 2780 ralia
493 2718 703 2778 instrumenta
734 2713 852 2777 habere
884 2713 1009 2774 dicebat
1040 2732 1135 2794 super
1154 2732 1205 2791 eo,
1237 2712 1325 2793 quod
1356 2713 1514 2796 Volynus,
1546 2710 1651 2788 dictus

389 2825 504 2902 Zmok,
528 2821 663 2884 fundum
686 2840 742 2882 sue
766 2820 852 2882 curie
869 2839 943 2881 cum
974 2818 1129 2880 hedificiis
1151 2833 1182 2881 et
1211 2820 1310 2881 domo
1336 2831 1459 2880 murata
1491 2837 1550 2879 nec
1573 2835 1650 2877 ven-

387 2930 462 2992 dere
486 2948 544 2990 nec
569 2926 689 2989 donare
713 2926 765 2988 vel
789 2925 889 2987 eciam
914 2925 954 2986 de
978 2926 1048 3007 ipso
1072 2925 1242 3007 disponere
1268 2939 1387 3007 posset,
1411 2924 1479 2985 dies
1495 2922 1651 3006 presentis

386 3037 498 3099 iudicii
522 3035 562 3097 ad
587 3033 804 3095 exhibendum
821 3034 889 3115 ipsa
906 3034 1115 3095 instrumenta
1133 3032 1227 3096 luerit
1251 3033 1440 3115 assignatus,
1457 3046 1564 3094 tamen
1583 3033 1650 3114 ipse

387 3145 462 3206 Kun
487 3143 519 3203 in
544 3140 683 3223 presenti
706 3139 837 3217 iudicio,
862 3138 915 3200 die
935 3140 995 3200 sibi
1020 3153 1055 3201 ut
1078 3137 1234 3222 prefertur
1257 3139 1420 3222 deputato,
1446 3140 1511 3221 ipsa
1535 3139 1651 3199 instru-

388 3263 496 3310 menta
519 3266 585 3309 non
603 3245 746 3307 exhibuit
769 3264 828 3307 nec
845 3244 993 3307 exhibere
1011 3245 1131 3321 voluit;
1156 3246 1222 3327 ipse
1246 3260 1354 3308 tamen
1370 3246 1509 3308 Volinus
1532 3243 1651 3327 produ·

389 3357 481 3417 cebat
504 3371 613 3415 coram
637 3351 731 3413 nobis
754 3350 903 3412 litteralia
927 3351 1147 3431 instrumenta,
1171 3371 1227 3433 per
1251 3371 1390 3432 quorum
1413 3365 1559 3415 tenorem
1584 3353 1651 3434 ipse

387 3462 462 3523 Kun
476 3459 643 3520 videbatur
661 3477 728 3519 esse
745 3471 776 3519 et
788 3456 1010 3519 inveniebatur
1026 3459 1065 3520 ab
1083 3477 1122 3519 eo
1139 3471 1220 3519 esset
1236 3471 1399 3540 separatus
1413 3471 1443 3520 et
1459 3458 1652 3540 percepisset

388 3566 564 3649 plenariam
581 3583 671 3624 suam
689 3563 876 3644 porcionem
900 3563 939 3624 ab
956 3562 1082 3640 eodem,
1106 3576 1137 3624 et
1157 3582 1194 3623 ea
1210 3563 1265 3625 tali
1283 3564 1410 3625 racione
1428 3564 1652 3626 inveniebatur

388 3673 413 3733 si
431 3670 563 3733 ulterius
579 3681 724 3732 moveret
745 3668 947 3751 questionem
972 3689 989 3729 a
1013 3668 1065 3729 die
1085 3668 1300 3750 separacionis
1323 3684 1433 3730 contra
1458 3670 1563 3750 ipsum
1588 3667 1652 3731 Vn*

388 3777 492 3838 linum
516 3775 548 3836 in
566 3774 726 3836 calumnia
751 3775 949 3852 remansisse,
974 3787 1004 3835 et
1021 3773 1094 3835 ideo
1118 3773 1336 3835 deliberarunt
1353 3775 1427 3836 bina
1449 3776 1517 3837 vice
1542 3775 1652 3838 conius

388 3881 489 3942 rando
507 3881 612 3963 ipsum
624 3880 790 3957 Volinum,
813 3893 849 3941 ut
869 3881 901 3942 in
922 3880 1101 3942 donacione
1114 3879 1294 3941 medietatis
1319 3881 1417 3962 ipsius
1441 3880 1532 3943 fundi
1555 3900 1652 3962 quam

389 3984 525 4048 faciebat
537 4005 615 4067 pure
629 3986 749 4048 lacobo
762 3985 829 4047 filio
843 3986 955 4064 Jaketi,
969 3985 1054 4047 fraus
1067 4005 1132 4047 non
1150 3999 1231 4047 esset
1244 3986 1417 4068 aliqualem
1431 4001 1462 4049 et
1478 3988 1574 4049 aliam
1587 4006 1653 4048 me*

389 4092 540 4154 dietatem
563 4091 706 4153 eiusdem
726 4092 786 4153 sibi
806 4111 864 4172 pro
885 4106 969 4153 certa
992 4092 1144 4153 venderet
1161 4091 1358 4154 florenorum
1382 4095 1578 4175 quantitate;
1603 4093 1653 4154 Ja-

390 4201 507 4259 cobum
521 4216 597 4259 vero
610 4195 713 4258 filium
726 4197 827 4259 Jalreti
845 4197 992 4259 similiter
1007 4198 1158 4259 binavice
1169 4197 1272 4277 jurare
1290 4196 1433 4260 lecerunt
1451 4198 1550 4261 modo
1558 4212 1655 4281 prout

391 4303 494 4382 ipsum
519 4301 685 4380 Volinum,
710 4316 741 4363 et
764 4303 840 4384 ipsis
863 4303 907 4364 sic
924 4303 1034 4383 juratis
1049 4303 1249 4365 decreverint
1267 4304 1372 4386 ipsum
1388 4304 1543 4366 Volinum
1561 4323 1653 4386 posse

391 4405 494 4469 lacere
518 4406 732 4469 donacionem
756 4408 944 4490 predictam,
972 4409 1101 4491 etquis
1132 4409 1171 4470 de
1196 4409 1258 4470 alia
1291 4409 1461 4471 medietate
1485 4410 1553 4490 ipse
1578 4411 1653 4472 Kun

392 4532 425 4574 se
441 4512 570 4574 racione
583 4513 753 4575 vicinitatis
770 4514 1012 4592 intromittebat,
1029 4514 1288 4577 deliberaverunt
1307 4536 1374 4577 esse
1388 4515 1654 4597 propinquiorem

392 4618 531 4682 vicinum
557 4619 613 4700 qui
645 4632 692 4681 est
714 4621 774 4682 sub
804 4633 889 4682 tecto
921 4620 1047 4700 domus,
1079 4635 1110 4682 et
1140 4621 1184 4683 sic
1208 4622 1269 4704 ipsi
1302 4622 1423 4683 lacobo
1447 4622 1523 4683 Kun
1558 4622 1654 4683 silen-

392 4723 477 4785 cium
501 4725 723 4807 imposuerunt
745 4740 937 4808 perpetuum
960 4727 1069 4809 previa
1092 4728 1231 4789 racione.
