3488 5250
614 333 699 389 Anno
721 328 811 408 1363.
836 366 879 375 —
902 345 953 392 20.
977 332 1106 392 octobris.
1431 351 1491 412 313

341 537 418 600 Item
444 539 555 600 Benko
579 554 610 602 et
626 539 671 603 St.
689 551 798 601 contra
816 539 961 602 Marcum
984 540 1149 602 Bobkonia
1172 541 1314 602 secundo
1331 540 1415 602 citati
1429 560 1494 603 non

235 657 491 726 comparuerunt.

341 749 418 811 Item
444 751 584 812 Briccius
601 764 710 812 contra
728 748 836 813 Golob
853 750 885 812 in
902 751 1049 833 preterita
1067 749 1144 812 feria
1169 765 1256 813 sexta
1281 751 1393 814 debuit
1409 770 1495 814 com-

235 873 344 936 parere
369 869 401 918 et
421 874 613 938 proponere,
637 869 668 918 et
690 875 756 917 non
780 857 868 917 venit
891 876 995 938 neque
1020 856 1114 919 misit.

340 960 418 1023 Item
443 981 536 1024 causa
562 962 632 1024 Elie
657 962 777 1023 etIuan
801 961 904 1024 estad
925 975 998 1023 octo
1022 961 1091 1023 dies
1113 962 1154 1023 ad
1178 981 1290 1044 pacem
1315 978 1495 1044 prorogata.

342 1067 420 1129 Item
452 1068 608 1129 Martinus
639 1081 727 1130 autor
757 1082 867 1130 contra
899 1068 1054 1130 Iacobum
1086 1067 1226 1129 Lizicich
1255 1068 1360 1151 primo
1385 1068 1497 1131 citatus

236 1191 301 1233 non
326 1173 515 1254 comparuit.

340 1276 419 1340 Item
443 1278 589 1340 Thomas
611 1276 696 1340 filius
719 1278 837 1341 Cemer
859 1260 969 1341 contra
993 1279 1122 1340 Petrum
1154 1279 1259 1361 primo
1291 1279 1404 1340 citatus
1429 1298 1494 1340 non

236 1383 425 1463 comparuit.

342 1488 419 1551 Item
444 1488 563 1551 Paulus
586 1487 726 1550 famulus
749 1489 856 1572 Volyn
888 1489 1029 1551 secundo
1064 1489 1178 1551 citatus
1201 1504 1311 1551 contra
1337 1489 1382 1552 St.
1406 1490 1498 1573 pelli·

238 1591 331 1654 ficem
354 1614 420 1656 non
452 1595 640 1677 comparuit.

343 1699 420 1762 Item
439 1720 531 1761 causa
557 1700 602 1763 St.
627 1714 658 1762 et
674 1700 774 1782 ipsius
789 1699 908 1783 Volyni
930 1713 977 1762 est
1000 1702 1039 1762 ad
1057 1699 1169 1763 feriam
1185 1715 1305 1762 sextam
1318 1716 1498 1784 prorogata.

342 1805 420 1868 Item
445 1826 538 1869 causa
570 1807 702 1889 Maryne
735 1807 895 1889 penestice
927 1821 958 1869 et
985 1807 1111 1868 Nicolai
1142 1807 1358 1869 Zrebernicha
1388 1808 1498 1870 estad

239 1911 351 1974 feriam
375 1925 495 1975 sextam
521 1926 701 1995 prorogata.

342 2018 420 2080 Item
444 2018 589 2081 Andreas
614 2017 702 2080 faber
727 2032 837 2080 contra
863 2018 967 2080 Eliam
998 2019 1227 2080 stacionarIum
1251 2019 1355 2101 ptimo
1387 2019 1500 2081 citatus

237 2142 302 2184 non
327 2125 515 2206 comparuit.

342 2228 422 2291 Item
453 2228 653 2311 Margaretha
685 2248 764 2291 uxor
789 2229 904 2312 Mykus
938 2241 1048 2291 contra
1078 2228 1215 2291 Paulum
1247 2230 1370 2310 Zmyna
1394 2229 1499 2311 primo

238 2334 331 2396 citata
355 2354 421 2396 non
445 2335 635 2417 comparuit.

343 2441 422 2503 Item
446 2441 479 2502 in
503 2441 676 2523 quiadenis
699 2441 819 2503 externi
844 2441 907 2502 diei
926 2441 1087 2503 Iohannes
1110 2442 1234 2504 Zobota
1258 2442 1353 2504 debet
1377 2442 1499 2504 solvere

238 2547 389 2628 magistro
413 2546 551 2608 Iohanni
574 2546 701 2610 notario
726 2546 781 2609 VII
805 2567 920 2629 pensas
944 2546 1158 2609 mediantibus
1182 2547 1295 2610 litteris
1319 2547 1443 2610 nostris.

386 2744 483 2819 Ferit
512 2754 610 2819 sexta
639 2755 715 2837 post
743 2749 866 2820 festum
894 2750 983 2819 beati
1012 2747 1097 2820 Luce
1125 2750 1340 2836 evangeliste.

757 2902 822 2977 (20.
846 2901 986 2970 octobris).

348 3040 455 3102 Primo
480 3039 664 3102 Radozlaua
688 3054 796 3101 contra
820 3040 992 3102 Martinum
1018 3039 1058 3100 ad
1082 3052 1156 3100 octo
1181 3039 1249 3101 dies
1264 3040 1436 3101 terminum
1454 3060 1501 3101 te-

244 3145 327 3227 cepit
350 3145 577 3226 respondendi.

344 3250 421 3312 Item
447 3251 555 3312 Endre
579 3265 688 3313 contra
713 3251 906 3334 Dyoniaium
928 3251 967 3312 ad
992 3266 1065 3313 octo
1090 3252 1158 3312 dies
1186 3251 1359 3313 terminum
1384 3252 1502 3333 recepit

241 3356 468 3438 respondendi.
1429 3358 1432 3363 '

345 3461 423 3524 Item
447 3474 561 3524 octavo
586 3462 638 3522 die
668 3462 778 3523 relicta
809 3462 946 3523 ZeIezen
978 3476 1087 3524 contra
1121 3462 1336 3543 Dampianum
1361 3475 1502 3523 sutorem

240 3587 297 3649 pet
322 3568 359 3630 N.
385 3566 487 3629 filium
513 3566 642 3629 Jurizlai
669 3581 699 3628 et
723 3568 866 3628 relictam
891 3568 1001 3629 Jacobi
1018 3569 1147 3629 sartoris
1170 3587 1265 3649 super
1289 3567 1455 3649 vituperiis
1472 3582 1503 3629 et

239 3673 425 3734 verberibus
448 3673 668 3734 testimonium
692 3673 869 3756 producere
893 3673 997 3735 debet.

345 3779 422 3841 Item
456 3799 556 3860 usque
587 3792 735 3841 octavum
769 3779 854 3841 diem
896 3779 1051 3842 Martinus
1084 3778 1207 3862 Reyniz
1239 3778 1334 3840 debet
1368 3796 1502 3858 querere

239 3885 371 3946 anulum
398 3885 507 3945 Macen
525 3883 703 3964 frenatoria,
727 3904 824 3966 quem
847 3885 872 3946 si
898 3885 1066 3963 Invenerit,
1089 3887 1169 3945 bene
1187 3884 1329 3965 quidem,
1356 3883 1502 3964 alioquin

241 3991 282 4051 ad
305 3988 402 4050 fidem
426 3990 568 4072 recipiet,
593 3990 680 4072 quod
705 4010 779 4052 eum
804 3991 912 4052 Katria
933 3990 993 4052 sibi
1018 4009 1082 4051 non
1108 3990 1251 4066 dederit,
1276 4003 1307 4050 et
1329 4003 1404 4050 tunc
1428 4007 1502 4049 eum

241 4098 350 4160 Katria
374 4098 486 4160 solvet.

344 4204 423 4265 Item
447 4217 560 4264 octavo
585 4203 637 4264 die
655 4204 786 4264 Endetli
803 4223 836 4267 se
852 4204 968 4265 tercius
990 4217 1097 4265 contra
1115 4201 1216 4263 filium
1235 4202 1390 4264 Anthonii
1408 4221 1502 4283 super

241 4327 291 4386 εο,
315 4309 403 4390 quod
428 4309 592 4370 hominem
617 4329 709 4370 suurn
743 4328 807 4370 non
831 4309 970 4370 tenuerit
992 4328 1050 4370 nec
1082 4308 1283 4389 percusserit,
1315 4307 1410 4369 debet
1433 4326 1502 4387 pre·

240 4427 322 4475 stare
346 4413 571 4492 juramentum.

346 4519 424 4581 Item
441 4533 554 4580 octavo
571 4519 623 4580 die
648 4519 822 4602 Janzlynus
835 4518 1008 4601 Krupicich
1033 4532 1142 4580 contra
1159 4517 1291 4579 Enderli
1308 4531 1340 4579 et
1356 4517 1502 4579 Todcam

241 4639 271 4687 et
296 4625 362 4687 Juri
386 4644 481 4708 super
505 4625 732 4686 vulneracione
746 4624 852 4686 'debet
875 4624 1051 4706 producere
1075 4624 1307 4685 teatImonium.

346 4732 423 4792 Item
448 4729 594 4792 Thomas
616 4729 700 4791 iilius
731 4729 848 4792 Cemer
877 4743 986 4791 contra
1018 4729 1180 4809 quendam
1205 4728 1424 4791 Teutonicum
1456 4748 1503 4790 se-

244 4838 351 4898 cundo
372 4837 485 4898 citatus
508 4855 573 4898 non
598 4836 786 4919 comparuit.
