3488 5250
623 315 823 391 Ann01359.
847 348 889 399 '.·
913 328 963 391 23.
986 316 1114 390 augusti.
1439 335 1497 398 ¹37

339 522 416 585 Item
449 523 625 607 Gregorius
656 525 805 605 vigilator
836 538 945 587 contra
970 544 1093 587 socram
1125 544 1217 586 suam
1248 525 1353 607 primo
1385 525 1498 587 citatus

234 647 298 689 non
325 630 516 711 comparuit.

341 733 417 795 ltem
434 754 607 817 causaque
624 735 757 797 vertitur
774 736 856 797 inter
873 736 1016 798 relictam
1033 735 1156 796 Videch
1180 750 1210 798 et
1227 735 1386 818 Kirynum
1403 755 1500 817 super

237 839 320 902 facto
344 841 559 922 percussionis
581 841 622 902 ad
646 855 719 903 octo
744 842 812 903 dies
836 842 877 903 ad
900 861 1013 923 pacem
1037 855 1084 903 est
1106 854 1287 923 prorogata.

342 963 419 1024 Item
445 963 523 1025 luan
547 963 687 1025 Plauech
712 984 813 1046 usque
836 965 1021 1047 quindecim
1039 965 1107 1026 dies
1131 976 1257 1026 tenetur
1273 963 1398 1025 solvere
1416 963 1499 1024 Lau-

234 1068 344 1131 rencio
370 1068 508 1130 Vardich
533 1070 585 1130 llll
610 1089 732 1131 marcas
756 1070 973 1132 denariorum.

343 1174 420 1235 Item
453 1188 566 1236 octavo
598 1175 649 1236 die
681 1175 900 1238 Lancholotus
931 1190 1041 1238 contra
1073 1175 1236 1237 Thomam
1269 1193 1423 1255 magnum
1453 1173 1501 1255 ju·

237 1297 306 1340 rare
329 1279 435 1343 debet.

346 1403 424 1464 Item
449 1404 680 1467 discussionem
705 1425 798 1468 cause
815 1406 923 1468 totalis
947 1426 1010 1488 que
1027 1406 1109 1468 inter
1126 1406 1312 1486 magistrum
1337 1404 1383 1466 St.
1398 1402 1500 1465 filium

237 1507 382 1588 magistri
408 1509 452 1572 St.
477 1509 533 1572 filii
559 1511 639 1573 Bani
663 1525 698 1572 ut
720 1525 861 1574 actorem
881 1513 921 1573 ab
946 1531 1020 1586 una,
1044 1525 1076 1573 et
1100 1510 1236 1594 Mykech
1260 1510 1363 1573 filium
1387 1509 1501 1572 Hench

237 1614 404 1693 quondam
428 1614 567 1695 judicem
592 1617 625 1678 in
650 1637 777 1679 causam
809 1631 977 1679 attractum
1002 1619 1042 1680 ab
1074 1618 1183 1698 altera,
1207 1617 1282 1698 quia
1307 1614 1444 1699 Mykech
1466 1613 1502 1676 fi·

239 1716 300 1779 lius
324 1719 448 1782 Nicolai
466 1723 607 1785 serviens
631 1736 662 1784 et
678 1737 864 1805 procurator
881 1723 1059 1804 legittimus
1076 1723 1175 1805 ipsius
1198 1721 1340 1803 magistri
1366 1721 1410 1783 St
1428 1739 1501 1783 cum

238 1823 472 1889 sufficientibus
495 1829 607 1891 litteris
630 1831 856 1912 procuratoriis
873 1830 1017 1911 magistri
1042 1828 1132 1890 Pauli
1157 1829 1265 1909 magni
1290 1827 1415 1889 comitis
1432 1827 1502 1889 Cri-

240 1930 353 1993 siensis
384 1952 573 2016 comparens
604 1949 635 1998 et
665 1936 830 1998 accionem
863 1955 954 1998 suam
985 1954 1042 2018 per
1072 1934 1260 1997 litteratoria
1294 1934 1503 1996 instrumenta

239 2036 424 2119 proponens
455 2057 564 2102 contra
595 2041 747 2120 eundem,
775 2061 833 2124 pro
862 2062 901 2103 eo
926 2042 985 2103 sibi
1017 2040 1192 2102 terminum
1224 2039 1410 2101 ulteriorem
1434 2038 1503 2100 dari

241 2144 427 2224 postulavit,
452 2161 486 2208 ut
509 2147 659 2210 videlicet
681 2148 713 2209 in
738 2148 808 2229 ipso
832 2148 970 2209 termino
991 2146 1145 2228 quasdam
1176 2146 1296 2207 litteras
1321 2158 1429 2206 contra
1454 2143 1504 2206 lit·

240 2261 323 2309 teras
346 2249 446 2330 ipsius
470 2252 606 2335 Mykech
631 2254 687 2315 filii
713 2253 826 2314 Hench
843 2254 901 2314 sub
926 2267 1047 2315 secreto
1070 2251 1178 2333 sigillo
1202 2250 1326 2313 domini
1350 2249 1503 2332 Stephani

241 2351 332 2414 ducis
356 2370 518 2418 emanatas
535 2370 702 2440 apportare
727 2358 810 2419 velle
827 2359 997 2436 asserebat,
1021 2356 1169 2439 quamvis
1186 2355 1322 2438 Mykech
1339 2354 1504 2437 quondam

241 2456 336 2537 judex
361 2462 522 2541 predictus
547 2463 800 2542 contradixisset,
823 2478 932 2525 tamen
948 2463 988 2525 ad
1013 2463 1207 2545 peticionem
1233 2462 1332 2543 ipsius
1355 2480 1504 2542 procura·

241 2564 320 2625 toris
343 2566 382 2626 ad
406 2567 536 2630 finalem
560 2569 659 2651 ipsius
683 2589 777 2630 cause
794 2569 990 2630 decisionem
1013 2588 1086 2630 cum
1111 2567 1231 2648 judicio
1256 2586 1309 2627 sex
1333 2586 1504 2648 pensarum

240 2670 281 2730 ad
307 2672 486 2751 quindenas
509 2675 572 2737 diei
597 2674 728 2758 pretacti
752 2674 902 2736 duximus
925 2673 1172 2756 prorogandam.

349 2797 427 2858 Item
452 2818 579 2860 causam
604 2799 747 2879 magistri
765 2799 810 2861 St.
834 2799 933 2880 patris
958 2798 1227 2880 ipsiussimiliter
1251 2795 1505 2858 contradictum

244 2901 380 2983 Mykech
405 2918 537 2983 motam,
570 2904 716 2966 similiter
747 2906 868 2986 absque
900 2904 1021 2985 judicio
1054 2904 1187 2985 aliquali
1211 2903 1251 2964 ad
1283 2902 1422 2964 eundem
1446 2916 1507 2963 ter·

243 3008 367 3069 minum
390 3011 644 3092 prorogavimus.

348 3115 426 3177 ltem
452 3117 605 3178 Nicolaus
629 3115 713 3179 filius
737 3117 863 3178 Ztoiani
888 3131 919 3178 et
940 3116 1075 3196 Egidius
1100 3116 1273 3195 Hungarus
1297 3129 1405 3175 contra
1424 3114 1506 3175 Mar·

242 3219 347 3281 tinum
371 3222 501 3284 Zelezni
525 3223 630 3304 primo
654 3223 740 3284 citati
765 3242 830 3284 non
855 3234 1113 3304 comparuerunt.

348 3327 426 3387 ltem
451 3327 581 3390 Cussica
607 3347 715 3389 socrus
740 3327 918 3409 Gergurich
947 3342 1056 3390 contra
1082 3325 1295 3409 Meynardum
1327 3324 1431 3407 primo
1463 3324 1506 3384 ci·

244 3445 308 3492 tata
332 3451 396 3494 uon
422 3434 611 3514 comparuit.

350 3554 428 3616 ltem
454 3576 554 3637 usque
579 3555 694 3618 lestum
720 3557 816 3618 Pasce
840 3557 964 3618 domini
990 3557 1015 3617 si
1045 3555 1181 3638 Mykech
1204 3554 1288 3616 filius
1310 3551 1506 3634 Magdalene

243 3661 377 3739 venerit,
409 3677 440 3722 et
471 3662 577 3724 debita
602 3663 720 3744 quibus
742 3676 867 3724 tenetur
896 3662 1037 3741 solverit,
1069 3664 1150 3723 bene
1182 3660 1325 3742 quidem,
1356 3658 1505 3739 alioquin

245 3765 394 3827 volumus
417 3781 452 3829 ut
475 3769 633 3849 exspirato
664 3769 802 3830 termino
827 3770 910 3830 bona
943 3769 1011 3829 eius
1035 3768 1102 3828 sine
1133 3766 1292 3827 dilacione
1326 3764 1506 3825 vendantur

246 3884 277 3933 et
301 3872 406 3933 debita
432 3874 632 3935 debitoribus
655 3875 830 3935 solvantur.

351 3978 429 4039 ltem
463 3979 619 4041 Martinus
651 3980 774 4063 Reyniz
809 3993 919 4041 contra
953 3980 1126 4041 Martinum
1157 3975 1436 4039 vicecastellanum
1469 3974 1508 4035 de

247 4083 385 4145 Medued
409 4085 551 4146 secundo
575 4085 690 4148 citatus
712 4105 778 4148 non
810 4086 998 4166 comparuit.

352 4190 429 4252 ltem
455 4207 568 4253 octavo
593 4191 645 4253 die
669 4193 807 4253 lacobus
830 4192 933 4253 dictus
958 4192 1040 4252 Kwn
1059 4240 1065 4253 .
1084 4237 1091 4251 .
1110 4237 1140 4252 ..

351 4315 430 4376 ltem
455 4328 568 4376 octavo
593 4315 644 4376 die
671 4314 808 4375 Michael
832 4315 959 4377 lectoris
976 4327 1084 4375 contra
1109 4331 1241 4374 uxorem
1268 4311 1404 4373 lancech
1421 4311 1509 4372 victi-

247 4434 387 4482 matores
410 4421 450 4482 de
475 4441 571 4482 censu
596 4421 760 4483 cuiusdam
786 4421 937 4482 stacionis
965 4420 1100 4481 aducere
1125 4432 1261 4480 tenetur.

353 4528 431 4589 ltem
456 4528 570 4588 eodem
596 4527 648 4588 die
667 4528 777 4588 Petrus
794 4529 912 4610 Loytra
932 4541 1041 4589 contra
1059 4527 1238 4588 Marketum
1256 4543 1351 4606 super
1366 4523 1422 4585 Xll
1440 4523 1509 4587 flor.

247 4631 351 4713 jurare
376 4632 480 4694 debet.

354 4739 430 4799 Item
457 4739 530 4799 licet
555 4737 719 4799 lanzlinus
738 4740 910 4800 Krauturm
934 4751 1042 4801 contra
1061 4738 1215 4798 Jacobum
1241 4735 1396 4797 Croatum
1412 4732 1510 4796 hodie
