3488 5250
240 329 301 411 336
624 324 824 404 Anno1365.
850 361 889 371 —
915 342 966 387 22.
990 332 1117 403 augusti.

240 568 335 652 Nota,
359 532 446 656 ouod
466 567 552 638 leria
580 573 679 638 sexta
697 567 853 654 proxima
877 574 953 654 post
972 565 1094 636 festum
1113 567 1202 637 beati
1223 566 1381 654 stephani
1402 568 1501 654 regis.

755 725 817 792 (22.
841 718 980 792 auguste).

344 858 452 919 Primo
477 859 628 919 domInus
652 856 779 919 Mikech
801 854 886 918 lilius
902 856 1016 919 Hench
1040 856 1184 919 exhibuit
1201 852 1356 938 q'uasdam
1380 857 1499 919 litteras

237 979 348 1027 contra
372 964 588 1045 Dragozlaum
613 977 823 1025 mercatorem
855 982 950 1044 super
971 976 1093 1043 septem
1126 963 1234 1045 pensis
1257 977 1289 1025 et
1311 963 1422 1024 decem
1448 963 1502 1023 de·

238 1070 346 1149 uariis,
371 1089 450 1150 quas
467 1059 574 1150 'usque
600 1067 717 1130 festum
743 1068 827 1130 beati
846 1067 1012 1130 Michaelis
1035 1069 1160 1130 solvere
1184 1068 1322 1130 debebat
1344 1070 1404 1131 sub
1420 1088 1502 1150 pena

238 1176 350 1259 duppli
375 1175 462 1236 salva
485 1174 600 1255 judicis
623 1175 787 1256 porcione,
812 1175 866 1235 ubi
893 1173 990 1250 iudici
1014 1176 1168 1236 convenit
1192 1175 1259 1257 ipsa
1282 1194 1375 1256 pena.

344 1281 421 1343 Item
448 1281 644 1343 Laurencius
667 1280 814 1342 sacerdos
846 1294 949 1342 rector
972 1280 1105 1342 ecclesie
1130 1280 1213 1343 beati
1246 1281 1387 1343 Simonis
1417 1280 1503 1341 exhi-

238 1388 308 1449 buit
332 1387 487 1468 quasdam
512 1386 633 1447 litteras
662 1399 770 1447 contra
804 1385 940 1447 Paulum
972 1387 1011 1447 de
1037 1385 1182 1448 Chichan
1214 1400 1246 1447 et
1269 1385 1374 1448 Cerne
1398 1384 1503 1448 filium

239 1492 357 1555 Cernel
381 1512 476 1573 super
500 1493 528 1552 II
552 1491 682 1553 florenis
705 1510 807 1572 usque
832 1490 948 1556 festum
972 1493 1055 1554 beati
1091 1491 1244 1573 Stephani
1268 1492 1352 1573 regis
1375 1492 1502 1553 solven-

238 1599 354 1660 dorum
387 1599 446 1659 sub
478 1617 560 1679 pena
592 1597 694 1678 dupli,
725 1597 811 1658 salva
844 1595 958 1677 judicis
989 1597 1152 1680 porcione,
1189 1598 1243 1659 ubi
1279 1597 1382 1658 eciam
1405 1597 1503 1677 judici

241 1704 391 1765 convenit
417 1705 482 1784 ipsa
507 1722 599 1785 pena.

344 1810 423 1871 Item
447 1809 592 1870 Andreas
615 1810 655 1869 ad
679 1823 752 1871 octo
769 1809 838 1869 dies
862 1821 988 1870 tenetur
1003 1828 1035 1869 se
1052 1809 1150 1870 tercIo
1176 1808 1317 1869 inclusus
1341 1807 1502 1890 deponere

239 1916 455 1997 juramentum
480 1929 589 1977 contra
615 1915 720 1976 Mikus
745 1913 848 1975 filium
873 1914 949 1976 Iuan
977 1933 1072 1996 super
1097 1915 1122 1975 V
1147 1913 1288 1992 florenis,
1312 1933 1394 1995 quos
1417 1912 1503 1974 idem

240 2023 346 2083 Mikus
368 2022 527 2083 asserebat
550 2040 582 2080 se
607 2020 798 2081 concessisse
822 2021 861 2080 ab
887 2019 1003 2081 eodem
1026 2033 1178 2101 repetere.

346 2127 423 2188 Item
448 2145 541 2186 causa
559 2145 621 2206 que
646 2125 778 2187 vertitur
794 2126 875 2186 inter
901 2126 1029 2187 Petrum
1046 2124 1150 2187 filium
1168 2125 1290 2186 Miclini
1315 2139 1345 2186 et
1362 2124 1499 2187 Jancech

238 2231 435 2295 aurifabrum
460 2231 500 2292 ad
524 2246 596 2292 octo
621 2231 689 2292 dies
713 2245 760 2293 est
783 2245 909 2312 recepta
932 2232 972 2292 ad
996 2251 1118 2313 pacem.

344 2337 422 2398 Item
447 2336 599 2397 Katarina
622 2334 686 2396 filia
710 2336 742 2398 P.
768 2354 847 2397 uxor
871 2354 947 2396 vero
969 2336 1093 2397 NIcolai
1119 2334 1174 2396 filii
1200 2336 1244 2397 M.
1268 2335 1308 2397 ad
1332 2347 1405 2397 octo
1430 2334 1498 2394 dies

239 2457 364 2504 tenetur
387 2442 489 2522 jurare
522 2456 588 2504 met
618 2441 757 2502 secunda
781 2460 876 2523 super
908 2442 1047 2522 quadam
1080 2443 1188 2503 tunica
1214 2443 1257 2522 (et
1286 2441 1394 2523 rebus)
1419 2440 1502 2502 aliis.

344 2549 423 2609 Item
447 2547 558 2608 lucech
584 2547 624 2608 ad
642 2560 714 2608 octo
739 2546 807 2607 dies
830 2560 955 2608 tenetur
979 2547 1136 2609 adducere
1155 2547 1374 2610 testimonium
1391 2559 1502 2609 contra

239 2652 351 2735 Pu(ch)
375 2653 554 2714 Iohannem
578 2672 634 2734 per
658 2652 811 2733 Egidium
833 2652 1042 2731 sacerdotem,
1067 2652 1265 2736 Stephanum
1289 2652 1443 2714 Kucetich
1469 2666 1500 2714 et

240 2759 419 2821 Iohannem
436 2773 590 2820 sartorem
614 2776 709 2839 super
732 2758 860 2820 duobus
883 2759 1079 2820 vulneribus.

345 2864 423 2926 Item
448 2883 541 2925 causa
558 2883 620 2944 que
637 2863 769 2924 vertitur
793 2864 873 2925 iuter
890 2864 1139 2946 Endreylconem
1157 2878 1186 2925 et
1204 2863 1381 2944 Georgium
1397 2865 1500 2945 pisca·

239 2984 343 3032 torem
368 2970 406 3030 ad
432 2983 505 3031 octo
530 2969 597 3030 dies
622 2982 668 3030 est
691 2983 815 3051 recepta
841 2968 880 3030 ad
905 2990 1027 3051 pacem.

346 3075 425 3137 Item
449 3075 602 3136 Nicolaus
625 3074 709 3136 filius
741 3074 896 3137 Valterini
929 3090 1038 3137 contra
1069 3076 1261 3137 Budizlaum
1292 3076 1394 3157 prima
1427 3076 1502 3137 cita·

242 3181 336 3242 cione
368 3200 432 3242 non
458 3178 646 3261 comparuit.

348 3287 426 3348 Item
451 3286 577 3347 Mikech
602 3284 686 3347 lilius
711 3285 826 3366 Magde
852 3299 961 3347 contra
992 3287 1166 3348 Martinam
1192 3287 1280 3369 Reyz
1303 3287 1405 3368 prima
1429 3288 1505 3349 cita·

241 3394 333 3454 cione
359 3411 423 3453 non
449 3392 635 3473 comparuit.
1230 3446 1232 3450 .

347 3499 424 3559 Item
450 3497 575 3558 Mihech
601 3496 685 3558 filius
708 3498 838 3558 Markus
862 3498 900 3558 ad
925 3510 998 3558 octo
1015 3497 1083 3558 dies
1106 3511 1231 3559 tenetur
1255 3512 1429 3579 protestare
1447 3517 1503 3579 per

242 3606 436 3666 Noukonem
460 3617 490 3664 et
514 3622 646 3664 uxorem
670 3623 760 3663 suam
785 3604 951 3684 Zugauarn
975 3617 1006 3664 et
1028 3617 1163 3663 matrem
1187 3624 1278 3665 suam
1301 3623 1397 3685 super
1424 3622 1504 3685 quo·

242 3711 315 3770 dam
341 3723 471 3789 argento
489 3709 668 3770 octodecim
686 3709 840 3789 pondera,
865 3708 975 3770 nezich
1004 3722 1129 3787 vocato,
1146 3709 1177 3769 in
1196 3728 1245 3787 eo,
1263 3709 1351 3790 quod
1369 3709 1503 3772 Hanche

242 3829 409 3896 argentum
433 3814 587 3875 Anthonii
612 3815 775 3895 reciperat.

347 3922 426 3983 Item
450 3921 526 3981 Iuan
550 3940 649 4001 gener
683 3920 777 3981 Matie
809 3921 980 4004 assumpsit
1010 3922 1230 3983 testimonium
1262 3920 1438 4002 producere
1463 3920 1504 3981 ad

242 4041 315 4089 octo
340 4027 408 4088 dies
431 4047 486 4108 per
510 4045 641 4087 uxorem
669 4025 781 4086 Pulani
814 4040 845 4087 et
876 4045 933 4107 per
964 4046 1097 4088 uxorem
1131 4026 1271 4108 Philippi
1302 4040 1333 4087 et
1363 4025 1501 4087 Jancech

243 4134 353 4193 streIar
376 4145 485 4193 contra
510 4132 660 4192 Kaukam
683 4149 778 4212 super
802 4132 906 4193 verbis
929 4133 1084 4214 turpibus.

349 4238 426 4298 Item
451 4257 544 4298 causa
570 4256 633 4317 que
658 4236 790 4297 vertitur
813 4237 894 4297 inter
919 4237 1081 4299 Thomam
1105 4236 1209 4298 lilium
1233 4236 1369 4298 Velandi
1394 4249 1425 4298 et
1446 4235 1506 4297 Mi·

244 4343 322 4404 lcech
349 4343 486 4420 judicem
513 4344 614 4403 extitit
638 4356 808 4424 prorogata
833 4342 872 4403 ad
897 4356 970 4404 octo
1003 4343 1071 4403 dies
1095 4343 1134 4403 ad
1159 4343 1375 4404 concordiam.

351 4448 427 4509 Item
454 4449 590 4509 Iacobus
615 4449 743 4510 Zirotka
768 4462 878 4511 contra
907 4448 1077 4508 Nicolaum
1102 4462 1255 4509 sartorem
1287 4445 1429 4508 secundo
1463 4444 1505 4506 ci·

244 4568 327 4615 tatus
355 4572 419 4614 non
445 4554 634 4635 comparuit.

350 4659 427 4720 Item
459 4659 620 4721 Iohannes
651 4660 769 4743 Biskup
809 4672 917 4720 contra
951 4659 995 4720 St.
1028 4660 1183 4741 pictorem
1217 4657 1358 4720 secundo
1392 4657 1506 4719 citatus

245 4782 310 4823 non
337 4766 525 4847 comparuit.
