3488 5250
679 315 766 371 Anno
789 326 877 389 1355.
902 346 944 356 —
968 325 1016 390 17.
1040 316 1152 387 aprilis.

382 521 459 583 Item
484 542 578 583 causa
604 523 747 584 Franche
771 538 802 584 et
832 523 1024 595 Teutonici·
1039 524 1077 585 ad
1109 523 1196 585 diem
1229 538 1378 585 octavum
1402 524 1435 585 in
1459 538 1543 586 statu

277 627 376 708 priori
402 642 448 688 est
471 642 652 709 prorogata.

330 825 427 899 Faria
455 847 555 900 sexta
582 832 736 919 proxima
764 841 841 919 post
868 839 1008 902 octavas
1046 831 1317 902 Resurreccionis
1346 831 1480 901 domini.

811 974 871 1042 (17.
900 966 1025 1040 aprilis).

384 1120 461 1182 Item
487 1119 629 1199 Gabriel,
654 1121 738 1183 filius
761 1123 896 1199 Pauleti,
928 1136 1037 1183 contra
1071 1122 1237 1183 dominam
1270 1121 1467 1200 Katerinam,
1492 1140 1542 1182 so-

278 1245 383 1286 rorem
407 1246 508 1304 suam,
533 1218 675 1288 aecundo
700 1228 812 1288 citatus
835 1247 901 1289 uon
925 1229 1113 1309 comparuit.
1139 1229 1308 1304 (Baletum).

385 1332 463 1394 Item
487 1332 627 1394 Plauech
651 1349 760 1395 contra
791 1333 971 1395 Iohannem
1002 1347 1142 1395 sutorem
1166 1332 1307 1394 secundo
1340 1332 1453 1394 citatus
1477 1351 1544 1393 non

268 1439 470 1518 comparuit.
1164 1422 1166 1427 ⁸

387 1544 466 1605 Item
492 1545 629 1605 Iacobus
653 1546 789 1607 condam
815 1545 911 1627 judex
943 1561 1052 1608 contra
1079 1545 1206 1607 Mikech
1237 1544 1383 1606 similiter
1407 1543 1544 1605 condam

280 1648 421 1730 judicem
445 1650 550 1731 primo
575 1651 687 1712 citatus
711 1671 776 1712 non
801 1653 989 1733 comparuit.

386 1774 463 1835 Item
489 1773 634 1836 Donatus
658 1775 778 1855 juratus
795 1775 890 1837 debet
914 1775 965 1837 die
991 1788 1104 1836 octavo
1121 1774 1340 1836 testimonium
1366 1773 1544 1856 producere

266 1865 269 1868 ⁴
285 1898 357 1939 cum
372 1879 555 1958 Dominic0,
572 1881 666 1942 Petro
680 1896 710 1942 et
722 1882 832 1958 tercio,
846 1879 974 1942 famulis
984 1880 1108 1961 judicis,
1126 1896 1234 1941 contra
1248 1881 1377 1940 Petrum
1393 1895 1544 1942 sutorem.

390 1985 468 2046 Item
494 1986 669 2047 Markettus
694 1985 771 2047 feria
789 1988 885 2048 tercia
903 1986 998 2047 debet
1021 1985 1216 2068 respondere
1237 2000 1347 2047 contra
1371 1987 1545 2048 Andream.

388 2091 466 2152 Item
499 2090 576 2153 Ieria
608 2093 703 2153 tercia
736 2092 908 2169 Iohannes,
940 2091 1024 2152 filius
1055 2091 1193 2169 vidone,
1226 2091 1322 2152 debet
1352 2090 1545 2172 respondere

281 2211 391 2257 contra
416 2198 535 2258 Rosam
560 2198 740 2260 mulierem.

388 2303 465 2362 Item
490 2302 620 2384 Mathey
644 2303 683 2364 de
709 2302 859 2364 PobresIa
890 2317 998 2364 contra
1032 2303 1147 2382 Artng
1178 2301 1320 2363 secundo
1344 2302 1457 2362 citatus
1480 2320 1545 2363 non

281 2409 460 2488 comparuit
484 2422 514 2469 et
537 2407 647 2469 relicta
664 2408 807 2472 Hanche.

388 2514 464 2574 Item
489 2514 529 2574 N.
553 2513 638 2574 filius
661 2514 798 2592 Nicolai,
830 2514 886 2575 filii
920 2513 1096 2590 Benedicti,
1128 2526 1237 2574 contra
1260 2512 1424 2574 Donatum
1448 2532 1547 2573 asses·

283 2638 389 2680 sorem
414 2619 567 2697 secundo,
603 2635 633 2681 et
668 2620 799 2681 domina
823 2639 953 2681 consors
986 2619 1130 2680 eiusdem
1162 2619 1286 2680 NicoIai
1317 2620 1432 2700 prIm0‚
1457 2619 1544 2681 citati

283 2744 347 2785 non
373 2741 630 2808 comparuerunt.

387 2832 464 2892 Item
489 2831 658 2913 Georgius,
682 2832 767 2893 filius
784 2831 873 2906 Suri,
898 2845 1006 2892 contra
1025 2831 1166 2891 BlasIum
1180 2829 1321 2891 secundo
1346 2829 1459 2890 citatus
1477 2848 1542 2890 non

268 2938 473 3021 comparuit.

389 3045 467 3105 Item
500 3044 545 3105 St.
571 3044 723 3126 SaIInych
748 3057 857 3105 contra
880 3044 1048 3104 Albertum
1073 3042 1234 3104 literatum
1266 3041 1408 3102 secundo
1433 3041 1548 3102 citatus

284 3167 349 3209 non
375 3151 566 3230 comparuit.
1159 3213 1160 3216 ,

389 3256 466 3316 Item
493 3256 602 3316 Mareu
628 3269 736 3316 contra
762 3253 872 3316 Obrad
898 3254 1039 3315 secundo
1063 3254 1175 3314 citatus
1199 3272 1263 3313 non
1289 3252 1479 3334 comparuit.

391 3361 468 3421 Item
494 3361 661 3422 Chernech
687 3375 798 3421 contra
823 3360 947 3421 Malech
970 3359 1112 3420 secundo
1141 3360 1253 3419 citatus
1276 3377 1342 3419 non
1359 3357 1547 3440 comparuit.

390 3468 467 3527 Item
493 3467 629 3527 Michael
654 3481 763 3527 contra
788 3465 909 3528 Obram
935 3466 1039 3544 prImo
1068 3465 1180 3525 citatus
1204 3484 1269 3524 non
1294 3465 1480 3545 comparuit.

268 3641 271 3650 ¹
391 3572 469 3632 Item
494 3573 532 3633 N.
557 3570 641 3632 filius
665 3571 780 3652 Bolog,
804 3584 913 3632 contra
937 3570 1089 3631 Anchech
1110 3569 1305 3631 aurifabrum
1339 3570 1480 3631 secundo
1505 3571 1548 3630 ci-

285 3691 368 3738 tatus
392 3696 456 3738 non
482 3677 670 3757 comparuit.

391 3783 468 3842 Item
492 3782 622 3863 Mathey
646 3797 755 3843 contra
781 3783 948 3843 Marenum
972 3782 1114 3843 secundo
1139 3781 1252 3842 citatus
1276 3801 1341 3842 non
1359 3782 1547 3862 comparuit.

391 3889 469 3949 Item
504 3888 649 3949 Andreas
684 3892 791 3968 Aeque
828 3902 937 3949 contra
969 3887 1124 3948 Jacobum
1157 3887 1299 3948 secundo
1335 3887 1447 3947 citatus
1483 3906 1548 3947 non

285 3994 475 4075 comparuit.
1068 4059 1070 4063 y

393 4099 470 4159 Item
503 4099 721 4159 Lancholotus
752 4113 861 4160 contra
895 4099 1051 4159 Jacobum
1083 4097 1302 4179 apotekarium
1339 4096 1415 4158 Ieria
1452 4098 1548 4158 tercia

287 4204 381 4265 debet
404 4204 608 4287 respondere.

394 4310 470 4371 Item
506 4310 681 4372 Markettus
714 4330 840 4371 causam
865 4329 954 4371 suam
991 4324 1099 4371 contra
1136 4309 1291 4386 Francha,
1325 4308 1400 4388 quia
1437 4306 1549 4368 eadem

288 4436 382 4477 causa
406 4435 462 4498 per
485 4416 607 4477 iudices
631 4430 697 4478 erat
721 4417 930 4477 determinata
954 4435 1027 4476 cum
1045 4415 1177 4493 iudicio,
1191 4414 1230 4475 ad
1256 4415 1406 4494 antiquos
1429 4412 1549 4493 judices

289 4521 362 4583 Iecit
386 4524 560 4604 prorogari,
898 4505 901 4511 ²

394 4629 472 4690 Item
497 4630 663 4691 Farcasius
679 4644 803 4691 tenetur
827 4630 950 4691 solvere
968 4629 1000 4690 in
1026 4628 1198 4709 quindenis
1221 4628 1387 4688 Martonos
1409 4625 1548 4687 sellatori

269 4805 274 4815 ⁵
291 4733 434 4816 quinque
448 4755 570 4797 marcas
586 4749 617 4797 et
633 4754 731 4797 unam
748 4735 845 4816 judici
860 4754 919 4817 pro
936 4734 1019 4795 Iacto
1037 4733 1200 4795 effusionis
1216 4733 1380 4814 sanguInis
1396 4731 1549 4794 eiusdem.
