3488 5250
658 319 747 378 Anno
770 316 861 397 1362.
884 353 929 364 -
950 335 978 382 1.
994 321 1079 396 julii.
1447 336 1511 399 219

271 538 365 618 Nota.
393 539 478 611 Ieria
505 555 604 611 sexta
637 541 792 628 proxima
819 547 895 629 post
923 539 1045 611 festum
1073 540 1304 629 apostolorum
1331 538 1424 610 Petri
1452 545 1486 611 et

724 662 819 736 Pauli
849 663 1034 735 beatorum.

794 816 836 893 (1.
851 816 950 893 julii).

351 957 460 1019 Primo
484 955 632 1038 Mychael
655 954 744 1017 faber
768 968 878 1018 contra
902 956 947 1018 St.
972 954 1111 1037 juratum
1134 955 1175 1018 ad
1200 969 1273 1018 octo
1298 956 1367 1018 dies
1391 956 1511 1039 recepit

245 1062 418 1125 terminum
442 1061 483 1124 ad
506 1061 779 1144 respondendum.

351 1167 430 1231 Item
454 1181 568 1230 octavo
592 1167 644 1230 die
669 1168 815 1230 Donatus
839 1182 949 1230 contra
973 1167 1153 1230 Fabianum
1178 1187 1234 1254 per
1257 1167 1396 1231 Jancech
1412 1180 1444 1230 et
1459 1170 1512 1230 Jo-

246 1274 386 1338 hannem
409 1294 504 1357 super
528 1293 578 1354 eo,
603 1274 691 1357 quod
715 1274 820 1357 ipsum
844 1273 946 1336 filium
971 1272 1118 1336 Absurch
1142 1274 1344 1358 appellasset,
1368 1273 1512 1336 testimo·

246 1381 337 1442 nium
360 1380 538 1464 producere
566 1381 672 1444 debet.
1482 1385 1485 1390 ’

352 1487 431 1550 Item
455 1506 548 1550 causa
573 1506 636 1568 que
654 1486 788 1549 vertitur
808 1486 890 1548 inter
914 1485 1078 1568 quendam
1094 1485 1275 1548 carnificem
1300 1498 1330 1548 et
1353 1482 1511 1547 famulum

248 1593 339 1655 Pauli
363 1592 420 1655 filii
447 1593 608 1655 Leunardi
633 1606 679 1654 est
703 1592 742 1654 ad
767 1607 841 1655 octo
866 1592 934 1654 dies
957 1593 998 1654 ad
1022 1612 1134 1675 pacem
1158 1605 1339 1674 prorogata.

352 1699 441 1762 Item·
456 1699 607 1781 magister
622 1699 761 1761 Iacobus
785 1699 914 1762 Martini
932 1713 1045 1761 octavo
1063 1698 1115 1760 die
1132 1711 1242 1761 contra
1257 1697 1399 1780 judicem
1417 1695 1514 1758 debet

247 1804 454 1887 respondere.

352 1911 431 1973 Item
456 1911 613 1973 Martinus
644 1911 813 1993 Wlkouoy
845 1923 954 1973 contra
987 1909 1189 1973 Anthonium
1221 1910 1364 1972 secundo
1401 1909 1514 1971 citatus

247 2035 313 2079 non
337 2017 527 2098 comparuit.

353 2123 431 2184 Item
456 2122 646 2185 Valentinus
669 2134 778 2183 contra
803 2122 958 2183 Jacobum
983 2122 1088 2206 primo
1105 2121 1218 2184 citatus
1235 2142 1300 2184 non
1319 2121 1514 2203 comparuit.

353 2229 433 2290 Item
458 2228 615 2290 Martinus
644 2227 768 2311 Reyniz
800 2240 910 2289 contra
941 2227 1112 2290 dominum
1143 2227 1274 2289 Petrum
1297 2227 1440 2290 secundo
1471 2226 1514 2288 ci-

247 2348 330 2398 tatus
353 2355 419 2398 non
444 2335 634 2419 comparuit.

352 2442 431 2504 Item
456 2462 549 2504 causa
573 2461 636 2524 que
660 2441 793 2505 vertitur
824 2442 906 2504 inter
929 2441 1093 2504 Andream
1117 2455 1148 2531 et
1179 2440 1323 2503 relictam
1347 2439 1439 2501 Pauli
1465 2452 1512 2501 est

247 2548 288 2609 ad
311 2561 384 2611 octo
409 2548 477 2610 dies
500 2547 542 2609 ad
564 2567 677 2631 pacem
699 2561 881 2631 prorogata.

354 2654 432 2717 Item
457 2653 607 2717 Radcech
630 2654 789 2734 sacerdos,
814 2655 952 2717 Jancech
981 2673 1129 2729 assessor,
1153 2673 1234 2716 uxor
1257 2654 1389 2736 Mykow
1412 2665 1444 2714 et
1466 2670 1514 2713 re·

248 2759 322 2822 licta
347 2760 498 2843 Symonis
523 2759 688 2823 Sterniche
711 2774 807 2823 testes
830 2780 887 2842 per
910 2761 1067 2822 Peronem
1093 2772 1203 2822 contra
1228 2759 1272 2822 St.
1297 2757 1401 2820 filium
1414 2756 1515 2820 Cher·

252 2865 332 2928 nech
358 2866 516 2948 producti,
534 2869 594 2929 sub
615 2867 821 2949 deposicione
846 2866 1047 2948 juramentali
1064 2866 1168 2929 taliter
1190 2864 1408 2943 testificarunt‚
1425 2863 1514 2946 quod

249 2972 410 3055 predictus
434 2971 603 3034 Chernech
627 2986 716 3055 pater
740 2973 841 3055 ipsius
857 2973 902 3036 St.
927 2973 960 3034 in
984 2972 1100 3035 uItImo
1124 2991 1183 3034 suo
1207 2984 1283 3033 voto
1306 2969 1406 3035 filiam
1423 2989 1514 3032 suam

248 3098 382 3140 uxorem
406 3078 505 3161 ipsius
529 3079 662 3141 Peronis
685 3079 792 3141 media
816 3079 902 3140 curia
927 3077 1077 3157 dotasset,
1111 3077 1307 3160 demumque
1331 3078 1433 3160 ipsam
1457 3077 1514 3138 do·

246 3184 408 3247 tacionem
432 3197 532 3246 mater
556 3184 656 3267 ipsius
680 3185 726 3248 St.
749 3197 895 3267 tempore
919 3197 1038 3267 nuptus
1061 3183 1125 3246 filie
1149 3203 1205 3246 sue
1230 3184 1424 3265 aprobasset.

355 3290 434 3352 Item
457 3290 566 3352 relicta
585 3291 728 3352 Prenarii
746 3304 855 3352 contra
869 3290 995 3354 Malech
1012 3290 1117 3373 prImo
1134 3290 1228 3352 citata
1241 3309 1308 3351 non
1325 3289 1514 3371 comparuit.

353 3396 432 3458 Item
457 3397 618 3458 Fabianus
641 3410 751 3459 contra
776 3396 891 3458 Katam
916 3396 1021 3476 primo
1054 3396 1167 3458 citatus
1190 3415 1255 3457 non
1280 3394 1469 3476 comparuit.

354 3502 433 3564 Item
457 3501 608 3585 Dragona
632 3517 740 3565 contra
767 3521 899 3564 uxorem
924 3502 1035 3564 Jacobi
1059 3502 1164 3585 primo
1196 3498 1309 3564 citat'us
1337 3518 1402 3562 non
1427 3517 1514 3562 corn·

250 3607 365 3690 paruit.

355 3713 433 3776 Item
458 3715 532 3776 Moz
557 3728 665 3776 contra
691 3714 853 3797 quendam
878 3712 1059 3776 carnificem
1085 3713 1189 3796 primo
1206 3713 1319 3776 citatus
1344 3733 1409 3775 non
1427 3733 1515 3775 com·

250 3819 365 3902 paruit.

355 3927 433 3989 Item
457 3946 551 3988 causa
574 3946 637 4008 que
662 3927 795 3990 vertitur
819 3927 901 3990 inter
925 3927 964 3989 N.
989 3940 1020 3988 et
1044 3927 1121 3989 iuan
1151 3926 1190 3988 ad
1215 3940 1288 3988 octo
1312 3925 1381 3987 dies
1405 3922 1515 3986 estad

248 4051 361 4115 pacem
384 4046 566 4115 prorogata.

355 4138 433 4200 Item
457 4139 534 4201 Iuan
559 4157 617 4221 pro
641 4140 750 4202 Petres
782 4140 1003 4222 procuratorio
1036 4140 1167 4201 nomine
1191 4151 1301 4200 contra
1335 4136 1514 4199 Johannem

249 4243 289 4305 ad
313 4257 386 4305 octo
411 4243 481 4306 dies
504 4245 623 4327 recepit
646 4245 821 4307 terminum
845 4244 886 4307 ad
909 4245 1184 4327 respondendum.

357 4350 434 4412 Itern
459 4351 536 4413 Iuan
561 4351 691 4434 iobagio
715 4352 840 4414 domini
857 4352 941 4415 Petri
966 4365 1076 4415 contra
1093 4353 1223 4415 Petrum
1241 4352 1353 4414 Sestak
1369 4350 1403 4412 in
1420 4350 1513 4433 quin·

248 4455 340 4518 denis
363 4456 459 4519 debet
480 4458 685 4540 respondere.

354 4562 432 4624 Item
456 4577 571 4626 octavo
595 4563 647 4626 die
678 4565 835 4628 Martinus
865 4579 975 4629 contra
1007 4564 1106 4627 filiam
1140 4563 1266 4626 Malech
1290 4582 1347 4646 per
1370 4562 1514 4625 relictam

249 4668 421 4731 Radozlou
444 4683 476 4732 et
498 4688 632 4732 uxorem
658 4669 749 4732 Pauli
769 4671 866 4734 ZoIar
888 4671 1110 4737 testimonium
1134 4689 1230 4756 super
1252 4669 1419 4760 vituperiis
1442 4688 1516 4760 pto·

250 4774 367 4840 ducere
390 4775 496 4843 debet.
