3488 5250
609 335 694 392 Anno
717 349 804 412 1357.
830 371 873 378 -
895 351 945 413 31.
969 339 1079 396 martii.
1443 341 1478 400 81

325 543 402 604 Item
428 544 580 605 NIcolaus
613 544 757 604 Pezdech
790 559 899 606 contra
923 546 1043 607 Finech
1067 560 1182 608 octavo
1214 548 1265 608 die
1290 549 1484 631 respondere

220 662 356 711 tenetur.

324 755 402 816 Item
427 769 541 815 octavo
573 755 625 816 die
659 769 767 816 contra
801 756 928 837 Dragan
954 756 1079 818 fabrum
1112 779 1168 839 per
1197 758 1325 821 fratrem
1352 761 1425 822 Kun
1452 777 1483 822 et

219 877 338 939 Trosth
362 877 489 939 fabrum
512 879 732 940 testImonium
757 879 933 961 producere
956 894 1090 943 tenetur.

324 984 401 1045 Item
427 984 471 1046 St.
498 984 608 1045 Kuche
638 999 747 1046 contra
781 985 872 1047 Otlin
902 1001 1016 1047 octavo
1046 987 1098 1048 die
1129 1001 1255 1050 tenetur
1278 992 1482 1072 respondere.

324 1090 401 1151 Item
426 1104 541 1151 octavo
566 1091 616 1151 die
643 1090 839 1173 Meynardus
855 1107 964 1153 contra
981 1098 1110 1154 Annam
1134 1107 1259 1155 tenetur
1276 1097 1481 1178 respondere.

326 1195 403 1257 Item
420 1210 534 1257 octavo
548 1197 599 1257 die
619 1197 663 1259 St.
678 1198 842 1258 Lourandi
853 1211 962 1259 contra
977 1198 1121 1260 Pezdech
1135 1214 1260 1261 tenetur
1278 1202 1483 1283 respondere.

323 1320 401 1381 Item
426 1334 540 1381 octavo
566 1321 617 1381 die
641 1321 787 1382 Donatus
803 1320 963 1383 aurifaber
987 1335 1096 1384 contra
1113 1323 1293 1385 Iohannem
1318 1324 1479 1387 Christine

220 1444 277 1505 per
301 1426 443 1487 Blasium
469 1441 500 1486 et
523 1427 692 1487 Nicolaum
726 1427 932 1506 iobagionem
963 1428 1087 1489 Alberti
1112 1448 1207 1511 super
1239 1432 1369 1491 verbere
1392 1433 1479 1493 testi-

219 1530 366 1591 monium
391 1531 568 1611 producere
592 1546 729 1609 tenetur,
758 1529 841 1592 facto
866 1532 1015 1594 videlicet
1038 1553 1096 1614 per
1127 1534 1231 1616 ipsum
1257 1535 1283 1598 J.
1309 1536 1341 1596 in
1367 1536 1412 1598 St.
1437 1535 1481 1598 f·

219 1635 343 1696 mulum
361 1656 471 1712 suum;
496 1652 526 1698 et
543 1638 657 1698 eodem
682 1637 733 1698 die
757 1650 883 1698 tenetur
903 1658 998 1719 super
1022 1639 1181 1721 vituperio
1206 1641 1238 1701 in
1263 1641 1367 1722 ipsum
1386 1641 1481 1707 facto.

323 1760 400 1821 Item
426 1760 587 1822 Christina
604 1775 717 1822 octavo
735 1761 786 1822 die
811 1774 919 1821 contra
939 1762 1112 1822 Martinam
1128 1763 1282 1843 pistorem
1299 1778 1330 1825 et
1347 1785 1479 1828 uxorem

216 1883 306 1926 suam
331 1866 552 1927 testimonium
577 1867 752 1948 producere
776 1880 902 1928 tenetur
929 1887 1023 1948 super
1047 1868 1223 1950 vituperiis.

323 1972 400 2032 Item
427 1972 538 2033 Petrus
563 1971 749 2053 Oplzauech
780 1986 889 2033 contra
915 1972 1105 2034 PaIadinum
1138 1975 1243 2056 primo
1273 1975 1387 2037 citatus
1415 1995 1481 2037 non

218 2077 405 2159 comparuit.

322 2183 400 2244 Item
426 2184 582 2244 Martinus
615 2183 737 2266 Reyniz
772 2198 880 2245 contra
914 2183 1071 2245 Gerinum
1103 2185 1143 2246 ad
1168 2199 1240 2246 octo
1272 2185 1340 2246 dies
1363 2187 1482 2268 recepit

215 2289 388 2349 terminum
413 2289 453 2349 ad
477 2289 749 2370 respondendum.

322 2395 399 2456 Item
425 2395 547 2476 Symon
572 2395 670 2454 Bakia
695 2409 804 2455 contra
823 2442 830 2456 .
850 2442 883 2456 ..

323 2502 399 2561 Item
425 2500 620 2561 Laurentius
642 2500 742 2581 pistor
766 2514 879 2561 octavo
905 2501 955 2560 die
980 2500 1038 2561 XL
1062 2501 1211 2563 denarios
1237 2503 1416 2564 Laurencio
1433 2523 1480 2564 sa·

217 2606 337 2667 cerdoti
362 2607 485 2667 solvere
510 2619 645 2666 tenetur.

321 2730 398 2790 Item
423 2729 565 2791 Obraam
602 2730 697 2790 Zolar
731 2744 841 2790 contra
875 2729 1081 2791 Valentinum
1118 2731 1222 2812 primo
1262 2732 1376 2792 citatus
1414 2751 1480 2793 non

217 2837 405 2917 comparuit.

321 2942 399 3003 Item
425 2942 555 3022 Drugen
581 2956 688 3002 contra
714 2940 859 3001 Pezdech
888 2941 992 3021 prImo
1017 2942 1130 3001 citatus
1154 2962 1219 3003 non
1243 2943 1435 3024 comparuit.

322 3065 399 3127 Item
424 3067 455 3126 in
480 3067 617 3147 presenti
644 3065 764 3126 iudicIo
789 3065 948 3125 Janchech
972 3064 1132 3126 aurifaber
1165 3081 1275 3127 contra
1301 3064 1480 3147 Georgium

216 3169 412 3231 aurifabrum
438 3185 472 3232 ut
496 3186 634 3232 actorem
653 3171 845 3251 respondere
870 3171 1017 3248 debebat,
1037 3186 1068 3232 et
1088 3172 1173 3232 idem
1198 3171 1357 3232 Janchech
1381 3172 1480 3233 veluti

216 3277 247 3337 in
272 3295 399 3337 causam
424 3291 573 3338 attractus
597 3291 764 3358 promptus
781 3291 847 3338 erat
870 3277 911 3336 ad
928 3277 1201 3357 respondendum,
1227 3277 1357 3357 ipseque
1377 3275 1478 3338 Geor·

216 3384 288 3464 gius
313 3397 345 3443 ut
368 3396 454 3444 actor
479 3403 544 3444 non
569 3383 655 3443 venit
678 3402 736 3443 nec
761 3383 847 3443 misit
870 3402 928 3462 pro
953 3402 985 3443 se
1010 3383 1150 3463 aliquem
1176 3396 1327 3443 actorem.

322 3508 398 3568 Item
424 3506 546 3567 Henrih
571 3505 701 3588 pellifex
725 3520 833 3567 contra
859 3507 936 3567 Iuan
968 3507 1202 3588 carpentarium
1227 3506 1331 3586 primo
1365 3505 1478 3565 citatus

216 3633 279 3674 non
313 3613 502 3693 comparuit.

321 3718 397 3779 Item
422 3732 536 3779 octavo
561 3718 612 3779 die
639 3718 769 3798 Endrey
793 3715 888 3777 frater
909 3718 977 3778 Kus
998 3716 1153 3777 carnificis
1177 3730 1286 3777 contra
1310 3715 1398 3776 Bene
1422 3735 1478 3796 per

215 3825 378 3885 dominam
406 3825 543 3886 Kuroldi
568 3839 599 3886 et
623 3823 762 3884 Munech
786 3842 946 3904 supereo,
971 3823 1059 3903 quod
1084 3842 1163 3884 uxor
1181 3823 1249 3883 elus
1271 3822 1378 3903 ipsum
1395 3821 1478 3881 vitu·

215 3931 347 4011 peravit.

320 4035 396 4096 Item
423 4035 570 4115 quitquid
596 4049 710 4095 octavo
741 4035 793 4094 die
818 4033 1010 4095 Pernarthus
1034 4033 1073 4094 ad
1098 4032 1194 4094 fidem
1218 4052 1309 4093 suam
1334 4032 1476 4113 recipiet,

216 4141 387 4223 Endreyko
412 4141 451 4200 ad
478 4141 663 4221 quindecim
687 4140 755 4201 dies
781 4140 879 4220 ipsius
903 4140 967 4200 diei
990 4139 1113 4200 solvere
1139 4139 1279 4199 debebit.

215 4377 309 4452 Nota.
339 4378 425 4465 quod
445 4378 529 4448 feria
550 4386 648 4447 sexta
667 4379 822 4465 proxIma
842 4385 919 4446 ante
939 4377 1138 4447 domlnicam
1160 4374 1477 4463 RamIspalmarum.

743 4512 804 4586 (31.
828 4511 949 4578 marlia).

319 4668 426 4729 PrImo
466 4687 560 4728 causa
592 4686 653 4747 que
687 4667 819 4727 vertitur
852 4667 933 4726 inter
965 4665 1158 4726 Michaelem
1188 4663 1318 4746 Iludlep
1351 4678 1382 4726 et
1412 4666 1477 4726 Ma·

130 4831 133 4835 .
215 4793 326 4855 rynam
351 4774 390 4833 ad
414 4787 487 4834 octo
512 4773 580 4834 dies
602 4775 661 4834 sub
685 4773 771 4854 pacis
795 4770 898 4833 forma
922 4785 969 4832 est
992 4784 1173 4853 prorogata.
1370 4857 1389 4916 6
