3488 5250
613 329 812 408 Ann0135a
836 365 880 374 -
903 343 950 405 15.
975 333 1088 404 aperis.
1441 346 1480 404 45

220 547 400 609 libertatem
425 544 560 606 civitatis
584 563 658 605 eum
682 555 827 604 teneatur
860 559 1066 622 persequere,
1099 539 1174 600 licet
1205 540 1299 600 ambe
1323 551 1427 620 partes
1452 537 1483 598 in

220 651 359 733 presenti
384 651 503 731 judicio
528 649 705 711 secundum
729 647 816 729 quod
842 661 908 707 erat
925 647 970 707 eis
986 645 1204 724 commissum,
1229 657 1485 727 comparuerant.

327 758 404 819 Item
430 758 559 818 Markus
583 769 692 817 contra
716 754 821 816 Viden
846 752 991 813 terciario
1016 753 1130 812 citatus
1152 770 1217 812 non
1242 751 1339 812 venit.
1367 741 1370 747 ’

329 863 406 924 Item
432 862 604 923 Paladinus
628 860 736 922 citavit
753 860 945 920 Markettum
970 857 1009 918 de
1034 857 1136 939 prima
1161 857 1326 918 citacione.

326 969 405 1032 Item
431 969 526 1030 lanes
549 966 678 1049 pellifex
703 966 810 1027 citavit
835 964 1009 1026 Martinam
1033 977 1185 1040 sutorem,
1209 981 1274 1024 non
1299 962 1396 1024 venit.

327 1073 404 1137 Item
430 1073 582 1136 Crisanus
607 1071 759 1133 Zuetlech
790 1071 939 1132 citaverat
964 1068 1153 1150 Georgium,
1175 1068 1278 1129 filiurn
1304 1068 1404 1146 Sonk,
1428 1086 1487 1129 nec

223 1182 311 1243 venit
335 1201 393 1243 nec
417 1180 513 1241 misit.

328 1287 406 1348 Item
441 1285 577 1347 Jancech
609 1284 758 1346 citaverat
790 1300 922 1344 uxorem
954 1279 1127 1363 Arisoloby
1160 1280 1199 1341 ad
1231 1280 1371 1362 primum
1403 1280 1486 1361 judi-

224 1394 320 1470 cium,
344 1413 402 1454 nec
426 1392 513 1453 venit
536 1411 594 1452 nec
617 1391 713 1453 misit.

327 1500 404 1560 Item
440 1497 586 1559 Andreas
621 1495 710 1557 faber
745 1508 853 1557 contra
889 1493 1071 1554 Pninenum
1103 1492 1245 1554 secundo
1277 1494 1390 1554 citatus
1422 1511 1486 1554 non

226 1605 414 1688 comparuit.

330 1709 406 1772 Item
431 1729 559 1771 causam
576 1708 730 1771 Iohannis
747 1722 778 1769 et
795 1707 962 1790 Meynardi
991 1719 1085 1767 testes
1102 1717 1290 1787 receperunt
1306 1704 1346 1766 ad
1363 1724 1486 1787 pacem.

330 1819 408 1879 Item
433 1817 588 1878 MartInus
612 1814 696 1876 filius
719 1814 886 1892 Anthonii,
911 1826 1020 1875 contra
1049 1810 1178 1873 fratrem
1205 1808 1413 1873 Gothfridum
1441 1829 1489 1871 se-

225 1924 330 1986 cundo
355 1924 468 1985 citatus
492 1941 557 1983 non
586 1920 774 2003 comparuit.

330 2030 407 2091 Item
433 2026 593 2108 Georgius
624 2025 789 2088 Stauinich
822 2025 863 2087 ad
895 2039 968 2086 octo
993 2024 1061 2085 dies
1092 2023 1211 2106 recepit
1241 2022 1415 2084 terminum
1440 2040 1487 2082 re·

224 2135 382 2218 spondere
407 2148 516 2197 contra
540 2134 725 2215 Draganum
749 2131 886 2193 fabrum.

331 2241 408 2302 Item
434 2260 513 2302 uxor
537 2240 635 2301 lunas
658 2258 716 2320 pro
740 2258 790 2316 eo,
815 2237 902 2319 quod
922 2257 984 2299 una
1002 2249 1135 2298 metreta
1161 2234 1262 2297 furata
1287 2235 1415 2296 inventa
1439 2247 1485 2295 est

226 2349 257 2409 in
283 2347 381 2408 domo
405 2366 473 2426 sua,
497 2359 607 2407 contra
632 2345 709 2422 Mik,
726 2342 827 2405 filium
855 2344 899 2406 St.
925 2342 1017 2422 fabri,
1034 2342 1073 2404 ad
1098 2342 1256 2403 iusticiam
1281 2353 1403 2418 vocata,
1420 2357 1487 2400 non

227 2454 414 2536 comparuit.

333 2560 409 2620 Item
435 2557 541 2619 Endre
574 2571 683 2619 contra
716 2556 892 2638 Symonem
924 2557 1075 2617 clericum
1107 2555 1226 2636 recepit
1249 2553 1423 2615 terminum
1447 2551 1488 2612 ad

229 2679 302 2727 octo
326 2664 394 2726 dies
418 2683 612 2745 comparere.

333 2769 410 2833 Item
436 2769 573 2830 lacobus
604 2770 736 2830 Latinus
761 2783 870 2829 contra
902 2768 1071 2830 dominum
1096 2765 1267 2828 Nicolaum
1291 2764 1486 2827 archidiaco-

226 2895 303 2937 num
329 2895 393 2936 non
426 2875 615 2956 comparuit,
646 2875 701 2936 sed
727 2874 807 2936 hanc
830 2875 969 2955 graciam
995 2873 1208 2934 communitas
1239 2870 1423 2953 prorogavit
1447 2870 1486 2931 ad

225 2996 297 3043 octo
322 2981 400 3058 dies,
425 2994 528 3062 partes
552 2980 659 3042 medio
683 2994 826 3062 tempore
852 3000 916 3042 non
941 2993 1091 3062 poterunt
1115 2978 1320 3040 concordare.
1345 2976 1425 3059 (sic).

332 3087 408 3147 Item
435 3087 553 3147 Mikael
576 3099 664 3148 sutor
688 3101 796 3147 contra
823 3086 929 3147 Lacblr
954 3086 1057 3167 primo
1081 3086 1193 3147 citatus
1208 3103 1273 3144 non
1298 3081 1486 3163 comparuit.

331 3189 408 3252 Item
433 3211 512 3252 uxor
538 3192 704 3252 laurencii
725 3191 862 3252 Vardicb
887 3205 996 3253 contra
1014 3189 1185 3252 Nicolaum
1203 3187 1323 3249 Marich
1341 3186 1492 3248 remansit

230 3300 260 3360 in
286 3298 405 3379 judicio
436 3297 532 3358 trium
565 3317 746 3379 pensarum,
779 3317 858 3379 quas
890 3297 984 3359 debet
1008 3297 1131 3358 solvere
1163 3297 1201 3356 ad
1232 3307 1305 3356 octo
1330 3294 1409 3371 dIes,
1434 3312 1490 3374 pro

228 3405 333 3486 judice
357 3404 436 3464 duas
460 3418 490 3464 et
514 3423 572 3485 pro
597 3417 685 3484 parte
711 3403 843 3464 adversa
867 3403 1009 3464 terciam.

334 3508 411 3572 Item
436 3509 589 3570 Nicolaus
618 3507 779 3570 aurifaber
811 3522 919 3571 contra
952 3508 1125 3569 Martinum
1155 3506 1294 3588 juratum
1319 3504 1434 3586 primo,
1459 3517 1490 3563 et

228 3618 359 3698 Drugen
383 3615 524 3677 secundo
549 3615 672 3692 citatus,
696 3634 761 3675 non
800 3615 988 3695 comparuit.

334 3722 410 3782 Item
448 3720 642 3802 Meynardus
677 3721 898 3781 testimonium
933 3719 1020 3800 quod
1065 3734 1277 3800 assumpserat
1313 3716 1489 3799 producere

228 3840 338 3888 contra
363 3825 554 3904 Iohannem,
578 3826 680 3886 filiunt
705 3826 854 3906 Cristine,
879 3826 1015 3908 probare
1040 3845 1104 3886 non
1135 3824 1240 3906 potuit
1264 3837 1294 3884 et
1318 3821 1433 3883 exinde
1458 3822 1488 3881 in

228 3933 368 3993 adventu
392 3931 506 4012 judicis
530 3931 759 3994 deliberabitur
782 3952 838 4014 per
863 3932 982 4013 juratos
1006 3945 1036 3992 et
1060 3931 1334 3993 communitatem.

335 4038 412 4099 Item
445 4057 538 4098 causa
571 4037 610 4100 G.
643 4037 798 4100 Staunich
831 4052 862 4098 et
890 4038 1008 4099 Emrici
1042 4037 1198 4098 carnificis
1230 4055 1331 4117 usque
1356 4035 1395 4096 ad
1420 4047 1493 4096 octo

232 4145 300 4205 dies
323 4158 369 4205 est
394 4157 530 4225 recepta.

339 4251 416 4311 Item
440 4250 557 4311 Mikael
584 4248 672 4311 faber
696 4263 783 4311 actor
805 4251 941 4311 existens
965 4264 1074 4311 contra
1093 4250 1138 4311 St.
1163 4247 1292 4309 fratrem
1311 4245 1494 4323 LowrandI,

230 4357 270 4419 ad
297 4357 433 4439 primam
456 4357 645 4418 citacionem
671 4377 736 4419 non
761 4356 949 4438 comparuit.

319 4557 415 4630 FerIa
445 4568 543 4629 sexta
571 4561 725 4646 proxima
755 4568 833 4629 ante
862 4559 1060 4630 domiaicam
1091 4556 1406 4644 Ramispalmarum.

758 4693 817 4769 (15.
843 4692 966 4768 aprilis).

338 4816 445 4876 Primo
470 4816 551 4876 Zore
575 4827 683 4876 contra
708 4814 813 4875 Eliam
837 4814 978 4875 secundo
1011 4814 1123 4874 citatus
1147 4832 1212 4874 non
1237 4813 1425 4893 comparuit.

337 4920 417 4985 Item
426 4941 505 4984 uxor
514 4920 571 4983 filii
585 4921 698 4983 Arsole
711 4932 819 4983 contra
830 4919 981 4981 Ancbech
991 4918 1042 4981 die
1053 4932 1167 4981 octavo
1180 4919 1275 4980 debet
1288 4916 1494 5000 respondere.
