3488 5250
589 369 678 429 Anno
700 367 792 448 1363.
815 403 860 413 —
882 385 929 432 11.
953 369 1069 444 aprilis.
1394 386 1458 449 277

303 581 381 642 Item
398 585 492 642 Anna
517 578 582 642 filia
599 579 745 642 Absurch
762 593 876 642 octavo
901 579 953 640 die
970 592 1079 641 contra
1097 579 1202 640 Eliam
1219 576 1348 640 fratrem
1364 597 1459 639 suum

195 706 229 748 se
253 700 364 766 quarta
389 706 485 768 super
508 706 561 765 eo,
584 685 672 766 quod
695 698 768 747 octo
798 684 868 747 flor.
901 684 1034 747 minime
1058 704 1114 767 per
1145 684 1250 767 ipsum
1275 684 1380 746 Eliam
1404 703 1460 745 sue

196 791 436 853 conservationi
461 792 611 873 assignati
636 790 765 870 fuerint,
794 790 1009 871 juramentum
1033 804 1172 873 prestare
1196 790 1301 852 debet.

302 897 380 958 Item
404 911 519 959 octavo
544 897 596 959 die
621 896 776 959 Gordona
800 895 942 958 famulus
958 896 1066 978 Tayse
1089 910 1199 957 contra
1219 895 1326 957 Lacbk
1349 915 1382 955 se
1398 908 1460 957 ter·

197 1001 266 1064 cius
288 1022 385 1085 super
409 1022 459 1081 eo,
491 1002 579 1085 quod
611 1021 686 1065 eum
717 1002 851 1064 minime
882 1001 1049 1083 quomodo
1080 1001 1288 1084 vituperasset
1319 1020 1377 1061 nec
1400 999 1460 1061 sibi

196 1123 333 1170 mortem
358 1106 458 1171 infere
483 1109 636 1172 voluisset
663 1121 896 1170 sacramentum
929 1121 1070 1189 prestare
1101 1107 1241 1185 debebit,
1265 1107 1320 1187 qui
1345 1107 1370 1168 si
1395 1125 1460 1167 non

196 1214 330 1292 venerit,
356 1227 472 1276 extunc
496 1214 600 1276 littere
624 1214 785 1276 dabuntur
808 1226 918 1276 contra
943 1233 1028 1276 eum.

304 1318 383 1380 Item
408 1319 517 1381 media
540 1320 626 1381 curia
651 1320 729 1381 olim
754 1319 859 1400 Bolog
883 1319 970 1380 iuxta
1000 1319 1144 1400 vigorem
1176 1319 1460 1380 instrumentorum

199 1423 355 1486 lobannis
379 1424 436 1486 filii
461 1425 601 1505 Kordus,
625 1425 814 1488 videliceta
846 1438 935 1508 parte
966 1425 1171 1488 meridionali
1202 1425 1271 1504 sita,
1295 1437 1461 1500 statuetur,

197 1531 299 1592 immo
323 1551 361 1593 ex
385 1551 470 1594 nunc
495 1530 577 1593 foret
600 1545 715 1593 statuta
745 1532 850 1594 eidem
875 1531 1031 1608 lohanni3
1056 1531 1096 1593 de
1119 1530 1275 1593 hedificiis
1306 1550 1382 1592 vero
1407 1549 1461 1591 oc·

197 1649 272 1698 tavo
297 1636 350 1698 die
375 1636 499 1699 iusticia
523 1637 687 1699 decidetur
711 1638 792 1700 inter
816 1638 919 1719 ipsum
944 1651 975 1699 et
1002 1651 1241 1720 procuratorem
1267 1636 1416 1718 Philippi.

305 1742 384 1804 ltem
409 1743 484 1824 quia
519 1742 647 1805 Mikech
678 1742 762 1804 filius
794 1742 954 1805 Leunardi
987 1742 1106 1825 pluries
1141 1743 1242 1804 extitit
1272 1753 1463 1824 protestatus

199 1847 290 1928 quod
315 1847 432 1910 domus
456 1849 547 1910 ruine
563 1850 720 1911 submissa
737 1850 827 1911 Pauli
852 1849 998 1911 vicebani
1016 1850 1048 1910 in
1062 1849 1279 1910 subverticulo
1296 1846 1365 1910 fore
1381 1860 1463 1909 esset

201 1953 384 2032 constituta,
402 1974 499 2035 quam
513 1955 537 2016 si
556 1955 694 2017 subverti
719 1955 893 2036 contingat,
910 1954 1087 2037 dampnum
1104 1973 1169 2015 non
1195 1953 1370 2034 modicum,
1388 1973 1462 2015 cum

201 2078 256 2120 sua
281 2058 398 2121 domus
422 2059 527 2122 eidem
559 2061 599 2122 sit
630 2060 838 2141 contiguitate
870 2059 1049 2141 coniuncta,
1072 2062 1283 2142 subportaret,
1306 2078 1406 2140 quare
1437 2059 1462 2119 si

199 2163 285 2226 idem
295 2165 410 2227 exinde
421 2166 598 2248 dampnum
612 2165 745 2247 aliquod
753 2166 906 2248 pacietur,
919 2167 1073 2230 sortietur
1085 2164 1270 2227 huiusmodi
1284 2164 1462 2246 dampnum

200 2269 240 2331 de
265 2269 366 2332 fundo
390 2290 446 2333 seu
471 2271 569 2333 domo
599 2285 786 2334 memorata.

305 2376 383 2438 ltem
398 2378 565 2439 Bratenica
578 2379 678 2440 citans
690 2378 861 2439 Nicolaum
880 2397 944 2439 non
955 2379 1042 2439 venit
1052 2396 1111 2439 nec
1130 2377 1216 2438 misit
1232 2377 1276 2440 ad
1289 2375 1462 2457 agendum.

305 2482 383 2543 ltem
400 2483 559 2561 Vrbanus,
576 2484 632 2565 qui
649 2483 912 2545 caucionabiliter
929 2482 1102 2564 quemdam
1121 2481 1285 2544 hominem
1303 2482 1342 2543 de
1360 2482 1462 2564 Blyna

200 2599 309 2648 contra
334 2587 497 2650 Andream
522 2603 684 2651 exemerat
706 2589 793 2651 etad
819 2589 976 2651 iusticiam
998 2601 1133 2650 statuere
1157 2602 1380 2671 assumpserat,
1397 2607 1462 2649 non

201 2691 310 2753 statuit
334 2711 393 2754 nec
417 2695 607 2776 comparuit.

306 2797 385 2859 ltem
409 2818 503 2861 causa
527 2799 642 2880 judicis
665 2814 776 2863 contra
800 2801 930 2862 Petrum
947 2801 1057 2863 Touth
1082 2801 1191 2863 estad
1217 2801 1356 2882 primum
1380 2799 1463 2882 judi-

202 2901 288 2963 cium
313 2902 469 2967 adventus
492 2905 618 2967 Nicolai
643 2904 754 2967 Touth
779 2905 818 2966 de
844 2907 983 2968 exercitu
1012 2907 1044 2968 in
1070 2907 1259 2987 Zagrabiam
1283 2919 1462 2987 prorogata.

307 3008 385 3071 ltem
410 3024 523 3072 octavo
541 3011 593 3073 die
618 3031 713 3093 super
729 3030 795 3092 quo
819 3011 937 3093 jurabit
954 3012 1110 3075 Martinus
1127 3012 1173 3075 St.
1189 3012 1249 3074 sibi
1274 3011 1464 3088 debitorem,

201 3113 268 3194 ipse
293 3114 338 3176 St.
364 3116 487 3177 solvere
512 3116 650 3179 debebit.
1064 3099 1066 3104 ἲ

306 3220 384 3286 ltem
409 3222 539 3284 Lachko
569 3242 696 3285 causam
728 3242 832 3301 suam,
858 3242 956 3303 quam
988 3237 1097 3285 contra
1118 3222 1308 3285 Michaelem
1334 3221 1464 3304 Hudlep

201 3327 303 3389 movit
327 3327 377 3388 vel
401 3347 531 3391 movere
556 3343 709 3411 speratur,
733 3329 772 3390 ad
798 3330 995 3411 presenciam
1019 3329 1138 3411 regiam
1164 3329 1349 3411 appellavit.

412 3562 509 3636 Feria
537 3568 643 3638 tercia
672 3568 825 3655 proxima
853 3575 929 3655 post
957 3575 1098 3637 octavas
1127 3565 1238 3636 Pasce.

717 3722 778 3796 (11.
803 3720 934 3796 aprilis).

309 3859 417 3920 Primo
454 3859 672 3942 principaliter
707 3858 784 3921 feria
816 3874 902 3922 sexta
942 3873 1074 3921 ventura
1110 3859 1267 3920 Martinus
1298 3857 1465 3940 Wlkouoy

202 3979 311 4026 contra
337 3965 382 4026 St.
407 3963 594 4026 curtiferum
619 3966 735 4046 jurabit
755 3966 861 4047 primo
885 3984 1046 4047 supereo,
1070 3964 1158 4045 quod
1183 3964 1296 4044 viginti
1321 3964 1465 4044 quinque

202 4069 309 4152 pecias
333 4069 451 4131 ferreas
475 4090 553 4152 syna
573 4070 676 4152 (linia)
700 4070 800 4132 dictas
823 4071 883 4132 sibi
909 4071 941 4131 in
965 4090 1055 4132 suam
1072 4071 1260 4151 porcionem
1286 4069 1409 4131 debitas
1426 4071 1465 4129 ab

202 4175 272 4256 ipso
298 4175 342 4237 St.
368 4196 432 4237 non
459 4174 638 4251 habuisset;
662 4175 793 4238 demum
810 4175 927 4256 jurabit
951 4189 1068 4256 quanta
1086 4175 1186 4237 debiti
1205 4175 1381 4255 quantitate
1399 4174 1465 4256 ipse
1556 4160 1561 4165 ¹

204 4281 248 4343 St.
273 4281 401 4344 debitor
426 4282 508 4344 foret
532 4281 647 4343 eidem.

309 4387 386 4449 ltem
411 4387 562 4449 Vorticus
586 4401 695 4449 contra
720 4387 884 4449 Thomam
909 4407 1063 4466 magnum
1096 4386 1239 4449 secundo
1264 4386 1377 4447 citatus
1401 4404 1465 4446 non

203 4493 393 4575 comparuit.
828 4510 830 4513 ’

309 4600 387 4661 Item
424 4599 631 4661 commissum
666 4612 713 4660 est
748 4612 779 4660 et
814 4599 1026 4661 deliberatum
1061 4612 1097 4661 ut
1132 4611 1204 4659 ante
1240 4616 1353 4659 omnes
1387 4596 1468 4658 alios

203 4704 340 4767 Jancech
364 4703 524 4767 aurifaber
558 4705 702 4767 debitum
734 4718 862 4767 centum
895 4703 1111 4779 denariorum,
1143 4723 1209 4785 quo
1234 4702 1300 4765 Cus
1323 4701 1464 4765 carnifex

202 4811 304 4872 teneti
329 4810 528 4892 dignoscitur
551 4810 668 4889 eidem,
693 4810 733 4872 de
753 4810 915 4891 segetibus
939 4811 1004 4871 suis
1027 4809 1129 4871 tollat.
