3488 5250
625 310 824 391 Ann01360.
850 348 891 357 —
915 329 944 391 4.
969 315 1139 389 septembris.

347 522 423 583 Item
450 520 607 582 Janchech
632 536 662 583 et
688 523 797 584 Petrus
827 537 938 602 sartor,
965 544 1022 606 pro
1049 523 1201 606 Georgio
1222 539 1353 605 sartore,
1379 528 1501 608 Marga-

240 628 327 691 retbe
352 629 478 690 mulieri
511 627 760 708 fideiubuerunt,
793 630 880 711 quod
912 631 1014 712 ipsam
1046 630 1132 692 idem
1165 630 1204 693 G.
1237 652 1296 694 nec
1319 633 1417 694 verbo
1442 653 1501 695 nec

241 733 323 796 lacto
348 734 509 796 offendere
534 755 677 817 unquam
702 751 931 818 presumpmet,
952 738 1070 798 sivero
1095 751 1254 818 repertum
1280 735 1384 817 fuerit,
1409 738 1500 799 nullo

241 856 385 921 tempore
410 840 495 901 idem
511 839 551 902 G.
569 841 729 903 civitatem
747 842 862 904 intrare
883 861 948 903 non
967 843 1106 920 debebit,
1124 842 1287 924 iidemque
1301 842 1503 905 fideiussores

240 946 425 1008 huiusmodi
451 946 569 1008 lactum
592 949 836 1029 subportabant.

345 1053 422 1114 ltem
448 1053 578 1135 insuper
605 1052 845 1115 habundantem
869 1054 1026 1116 cautelam
1055 1067 1168 1116 octavo
1193 1055 1245 1117 die
1270 1056 1409 1117 lacobus
1426 1056 1501 1117 Kun

239 1171 305 1219 met
336 1159 495 1220 secundus
526 1173 635 1221 contra
668 1159 859 1222 Michaelem
891 1159 991 1222 Saffar
1021 1160 1124 1240 jurare
1154 1160 1249 1223 debet
1281 1161 1313 1222 in
1339 1181 1388 1240 eo,
1412 1161 1501 1243 quod

240 1267 306 1347 ipse
333 1265 469 1327 Michael
494 1266 705 1347 quadraginta
730 1267 865 1328 cubulos
889 1266 955 1327 vini
979 1286 1037 1347 pro
1062 1267 1091 1327 X
1115 1267 1244 1329 florenis
1260 1269 1300 1329 ab
1325 1268 1394 1349 ipso
1417 1288 1503 1330 rece·

239 1372 346 1453 pisset,
371 1371 462 1433 etsie
487 1373 556 1454 ipso
575 1373 721 1454 deposito
738 1373 928 1454 juramento,
946 1373 1032 1434 idem
1050 1373 1187 1435 Michael
1211 1374 1389 1435 secundum
1406 1394 1501 1436 suum

238 1478 458 1539 testimonium
484 1479 515 1538 in
542 1478 567 1538 ll
592 1479 660 1542 flor.
689 1479 877 1541 remanebit.

345 1584 421 1645 Item
447 1598 562 1647 octavo
588 1585 638 1646 die
664 1585 775 1648 Petrus
798 1585 914 1667 longus
945 1599 1055 1647 contra
1079 1585 1216 1648 Jancech
1248 1584 1445 1647 aurifabrum
1470 1586 1501 1647 iu

240 1710 303 1751 una
326 1709 421 1751 causa
445 1691 550 1772 primo
574 1705 640 1754 met
670 1705 776 1753 sextus
806 1712 839 1754 se
871 1710 1044 1773 expurgare
1069 1691 1174 1770 debet,
1205 1692 1413 1772 postmodum
1438 1705 1503 1753 met

243 1796 358 1858 tercius
382 1797 414 1858 in
439 1795 522 1859 facto
547 1798 696 1879 vituperii
720 1798 822 1880 jurare
847 1798 951 1859 debet.
1056 1851 1057 1854 ,

346 1903 423 1964 ltem
450 1917 564 1965 octavo
589 1904 640 1965 die
664 1923 745 1967 uxor
768 1904 851 1966 Petri
869 1905 986 1986 Loytre
1010 1916 1076 1965 met
1099 1904 1239 1965 secunda
1263 1917 1372 1965 contra
1388 1905 1503 1985 Artuig

241 2008 345 2089 jurare
359 2009 455 2071 debet
467 2030 562 2092 super
572 2009 748 2093 vituperiis,
758 2009 963 2092 postmodum
975 2011 1041 2072 sola
1055 2029 1150 2091 super
1159 2009 1286 2071 duobus
1296 2011 1501 2072 mensalibus.

344 2114 422 2176 ltem
448 2118 523 2197 quia
548 2117 657 2178 relicta
673 2117 851 2178 Martinltus
867 2116 963 2177 tercia
985 2116 1053 2176 vice
1071 2128 1180 2177 contra
1197 2116 1307 2176 Punelt
1332 2135 1397 2177 non
1415 2135 1501 2177 com·

240 2221 354 2303 paruit,
379 2221 453 2283 ideo
486 2223 517 2283 in
553 2223 680 2285 duobus
712 2222 839 2303 iudiciis
871 2223 1033 2300 remansit,
1065 2223 1140 2304 quia
1171 2222 1255 2284 enim
1281 2222 1366 2282 idem
1392 2223 1501 2284 Punek
1602 2241 1604 2244 ’

240 2327 320 2389 dixit
343 2328 445 2410 ipsam
469 2348 602 2410 porcum
627 2349 721 2391 suum
746 2327 951 2406 interfecisse,
976 2328 1124 2410 quitquid
1150 2327 1329 2408 juramento
1355 2329 1501 2411 deposito

240 2434 345 2496 valere
370 2435 475 2516 ipsum
501 2435 594 2514 dicet,
619 2436 651 2496 in
677 2435 848 2517 quindenis
872 2455 889 2496 a
918 2434 1124 2516 deposicione
1148 2433 1317 2514 juramenti
1343 2435 1454 2498 solvet.

344 2540 421 2601 ltem
448 2540 585 2602 Michael
610 2540 699 2602 faber
723 2554 831 2602 contra
864 2540 1035 2601 Nicolaum
1067 2540 1193 2602 Kordar
1216 2540 1357 2602 secundo
1389 2541 1502 2616 citatus

239 2665 303 2707 non
330 2647 517 2728 comparuit.

345 2752 422 2814 ltem
449 2765 562 2814 octavo
586 2752 637 2813 die
663 2750 844 2813 Lultachius
866 2770 946 2834 puer
971 2752 1014 2814 M.
1040 2750 1097 2813 filii
1116 2752 1229 2813 Hench
1254 2765 1319 2813 met
1342 2752 1501 2814 secundus

239 2871 348 2919 contra
366 2858 569 2921 Clementem
582 2857 685 2920 filium
702 2858 812 2919 lacobi
825 2877 921 2939 super
933 2854 1078 2918 elusione
1095 2858 1259 2939 sanguinis
1271 2857 1375 2938 jurare
1392 2858 1498 2920 debet.

344 2964 423 3026 ltem
447 2964 563 3026 eodem
587 2964 639 3026 die
664 2964 751 3026 idem
782 2963 919 3025 lacobus
950 2977 1059 3024 contra
1091 2963 1211 3025 dictum
1241 2983 1377 3045 puerum
1406 2983 1501 3045 super

241 3070 406 3152 vituperiis
429 3071 532 3151 jurare
561 3070 666 3133 debet.
798 3149 803 3159 ¹

344 3176 422 3237 ltem
447 3175 583 3238 Mathias
606 3174 691 3237 lilius
714 3152 812 3237 Mdrci
836 3188 945 3236 contra
970 3174 1046 3235 luan
1071 3173 1173 3235 filium
1198 3174 1369 3256 Dragozlai
1396 3175 1499 3256 primo

238 3282 351 3343 citatus
373 3302 438 3343 non
467 3281 656 3363 comparuit.

345 3387 423 3449 Item
446 3389 521 3449 licet
537 3388 635 3449 abbas
660 3389 750 3449 beate
767 3388 899 3469 virginis
916 3389 947 3448 in
964 3387 1084 3466 judicio
1101 3387 1238 3468 presenti
1264 3400 1373 3448 contra
1392 3388 1498 3469 Matey

239 3492 307 3572 jura
331 3513 425 3574 super
448 3494 623 3576 quamdam
647 3493 781 3554 domum
813 3506 958 3575 aportare
990 3506 1021 3554 et
1045 3492 1193 3554 exhibere
1218 3493 1367 3571 habebat,
1392 3506 1497 3553 tamen

239 3618 305 3661 non
329 3600 416 3661 venit
439 3620 497 3661 nec
522 3599 688 3681 aportavit.

309 3819 404 3903 Nota,
432 3820 520 3908 quod
549 3827 647 3891 sexta
675 3819 761 3892 laria
789 3821 944 3909 proxima
972 3828 1050 3890 ante
1078 3817 1200 3891 festum
1230 3817 1429 3889 Nativitatis

728 3945 823 4016 beate
849 3946 1002 4032 virginis.

747 4098 790 4174 (4.
813 4097 961 4170 septembri
973 4096 994 4159 l.

344 4234 451 4295 Primo
469 4234 684 4317 principaliter
701 4237 862 4297 Marketus
878 4234 1037 4298 aurifaber
1054 4235 1261 4318 personaliter
1278 4254 1384 4295 coram
1403 4235 1495 4296 nobis

238 4340 465 4421 competendo,
488 4341 527 4402 ad
552 4342 716 4403 accionem
742 4341 866 4403 Mikecb
899 4340 955 4402 filii
980 4340 1150 4419 Leunardi,
1175 4341 1379 4421 repeticionis
1411 4340 1496 4400 vide·

238 4445 311 4506 licet
335 4447 501 4508 cuiusdam
526 4449 660 4529 pecunie
684 4449 724 4509 ab
749 4447 875 4526 eodem,
897 4447 999 4507 taliter
1017 4451 1117 4508 fassus
1141 4446 1242 4508 extitit
1266 4459 1296 4506 et
1320 4443 1497 4523 confessus,
1595 4493 1600 4500 .

237 4551 325 4632 quod
349 4565 492 4633 pretextu
517 4552 593 4614 dicti
617 4553 715 4616 debiti
740 4553 945 4614 solummodo
976 4553 1058 4614 inter
1081 4552 1165 4634 ipsos
1189 4552 1275 4614 solos
1299 4551 1496 4634 composicio

239 4655 320 4722 lacta
344 4658 505 4735 extitisset,
530 4659 611 4720 inter
636 4659 785 4740 ipsosque
810 4658 948 4739 quedam
966 4658 1035 4719 dice
1060 4657 1140 4719 lacte
1164 4657 1306 4735 fuissent,
1333 4657 1431 4719 etsie
1455 4657 1495 4718 ad

238 4781 368 4845 presens
391 4765 436 4826 nil
461 4765 489 4826 ei
514 4778 684 4843 teneretur,
707 4778 910 4847 preterquam
942 4764 1132 4826 adveniente
1157 4761 1237 4826 festo
1262 4764 1345 4825 beati
1363 4762 1496 4847 Georgii
