3488 5250
646 326 843 402 Ann01355.
867 358 909 367 -
934 320 1158 384 dnovembris.

374 537 452 598 Item
477 536 556 598 Wik
580 537 732 597 remansit
748 548 857 596 contra
881 552 1013 595 uxorem
1031 533 1057 594 J.
1075 533 1209 594 Kureldi
1227 532 1259 594 in
1276 533 1402 595 duabus
1418 533 1533 594 marcis

270 656 301 704 et
324 642 421 725 judici
445 642 478 703 in
502 661 576 703 una.

374 746 627 813 ltemdominus
651 747 695 810 M.
726 745 811 808 filius
843 744 957 808 Hench
988 757 1114 807 tenetur
1143 758 1318 827 protestare
1342 758 1456 807 octavo
1480 744 1533 807 die

218 905 219 908 η
267 875 324 938 per
347 853 490 916 relictam
513 852 651 916 Nicoleti
677 866 707 914 et
728 851 892 915 Thomam
916 851 1080 932 clericum,
1097 851 1184 933 quod
1210 852 1276 934 ipse
1294 851 1445 914 Pauletus
1469 852 1530 913 sibi

268 961 412 1043 quinque
427 959 567 1022 florenos
583 972 743 1022 teneretur
759 971 790 1020 et
814 958 903 1040 quod
926 957 1112 1020 intendebat
1135 958 1222 1040 ipsos
1244 978 1365 1041 ponere
1391 959 1423 1021 in
1436 972 1530 1020 testa·

268 1080 423 1128 mentum.
1035 1069 1036 1072 ’

376 1172 453 1234 Item
477 1171 605 1250 mulier,
628 1190 692 1253 que
723 1170 862 1233 debebat
893 1188 1078 1252 comparare
1107 1183 1217 1232 contra
1242 1170 1318 1231 luan
1351 1169 1532 1252 cirologum

270 1280 302 1341 iu
326 1277 447 1360 judicio
471 1280 620 1360 presenti,
644 1296 710 1339 non
734 1277 832 1339 venit.

374 1385 453 1447 Item
476 1403 556 1445 uxor
579 1383 721 1445 Preuarii
745 1395 871 1445 tenetur
895 1395 1009 1444 octavo
1039 1382 1091 1445 die
1124 1396 1297 1464 protestare
1320 1402 1378 1465 per
1401 1382 1532 1444 Petrum

269 1490 450 1575 piliatorem
475 1503 506 1552 et
522 1488 669 1551 Matheus
691 1502 832 1550 sutorem
857 1507 1018 1571 supereo,
1042 1488 1129 1570 quod
1152 1489 1218 1571 ipsa
1242 1488 1364 1550 dictum
1381 1487 1531 1549 maritum

269 1616 362 1659 suum
396 1616 454 1679 pro
485 1609 606 1678 septem
640 1594 769 1657 florenis
797 1595 862 1656 suis
894 1595 1032 1676 propriis
1062 1594 1101 1656 de
1127 1613 1251 1656 carcere
1275 1593 1472 1674 redemisset,
1504 1605 1534 1655 et

271 1702 359 1784 quod
384 1702 452 1784 ipsa
476 1720 532 1763 sua
556 1700 684 1783 propria
707 1699 844 1782 pecunia
867 1698 987 1761 fuisset.

375 1808 452 1869 Item
476 1806 622 1869 Andreas
645 1806 845 1889 dispensator
868 1805 919 1867 die
952 1819 1066 1867 octavo
1090 1805 1185 1867 debet
1217 1819 1327 1867 contra
1352 1804 1532 1867 Johannem

271 1916 395 1977 Zobota
419 1914 542 1976 socium
570 1931 663 1975 suum
696 1926 762 1974 met
778 1896 910 1993 quartus
934 1912 1095 1994 deponere
1120 1912 1336 1993 juramentum
1368 1932 1441 1974 cum
1464 1932 1535 1994 per-

270 2021 357 2083 sonis
379 2021 440 2082 sibi
464 2019 623 2081 similibus
648 2019 679 2080 in
704 2038 754 2096 e0,
778 2018 866 2099 quod
891 2019 958 2100 ipse
982 2019 1115 2079 minime
1144 2018 1182 2079 de
1208 2019 1342 2100 pecunia
1367 2019 1450 2080 dicte
1469 2018 1533 2080 col·

270 2127 350 2189 lecte
374 2145 432 2187 nec
463 2125 588 2187 occulte
625 2144 683 2186 uec
714 2124 842 2207 publice
874 2125 1053 2206 recepisset,
1084 2124 1140 2186 sed
1173 2124 1203 2185 id
1236 2123 1324 2205 quod
1353 2124 1533 2207 recepisset,

274 2232 334 2295 sibi
359 2231 509 2294 dedisset.

375 2338 452 2399 Item
477 2355 570 2397 causa
594 2355 657 2417 que
681 2336 812 2397 vertitur
836 2336 917 2398 inter
934 2355 1067 2397 uxorem
1091 2335 1227 2418 Artuigh
1252 2349 1282 2397 et
1305 2355 1439 2398 uxorem
1458 2337 1532 2397 Jan·

271 2443 347 2504 cech
371 2455 417 2504 est
439 2455 609 2524 prorogata
637 2441 848 2523 adjudicium
865 2442 1006 2524 primum
1027 2454 1099 2524 post
1128 2442 1294 2504 introitum
1311 2442 1410 2524 ipsius
1427 2443 1534 2503 uxoris

273 2547 408 2630 Artuigh
435 2548 467 2609 in
495 2548 671 2611 ecclesiam.

375 2653 453 2715 Item
477 2654 598 2732 Petrus,
622 2652 707 2715 filius
731 2653 862 2732 Mathie,
886 2666 1011 2715 tenetur
1028 2653 1151 2715 solvere
1176 2654 1208 2714 in
1228 2652 1399 2735 quindenis
1416 2652 1534 2733 Endre,

163 2749 165 2751 ¹
272 2755 359 2819 fratri
383 2759 462 2839 Kus,
486 2759 599 2841 viginti
623 2780 677 2822 sex
700 2780 814 2843 pensas
837 2760 1053 2824 denariorum.

377 2864 455 2925 Item
480 2864 661 2948 Huditergh
678 2879 709 2927 et
726 2866 882 2928 Martinus
900 2866 1080 2949 Wlkouoy,
1096 2864 1250 2926 Mihelich
1268 2880 1408 2928 sutorem
1426 2880 1535 2927 contra

273 2970 475 3032 Kukulinum
488 2971 528 3032 ad
541 2991 671 3054 presens
682 2971 839 3053 judicium
856 2985 992 3034 statuere
1008 2974 1210 3052 tenebantur,
1226 2986 1256 3032 et
1267 2992 1332 3033 non
1345 2985 1533 3034 statuerunt.

377 3076 455 3137 Item
479 3076 602 3160 Alycha
626 3078 787 3160 penestica
812 3090 846 3138 ut
868 3090 956 3139 actor
980 3093 1089 3140 contra
1107 3077 1298 3157 Johannem,
1322 3077 1425 3139 filium
1442 3077 1534 3139 Chri·

273 3180 366 3261 stine,
390 3200 455 3243 uon
480 3183 577 3245 venit.

377 3397 475 3474 Feria
503 3410 600 3474 sexta
629 3405 782 3491 proxima
810 3410 887 3490 post
914 3402 1038 3475 testum
1065 3404 1212 3474 omniurn
1240 3411 1445 3475 sanctorum.

753 3553 822 3661 !(6.
851 3556 1032 3632 novembris).

378 3715 486 3776 Primo
510 3713 641 3796 Mathey
665 3713 704 3775 de
721 3713 872 3776 Pobresia
889 3728 998 3776 contra
1016 3713 1145 3797 Endrey
1170 3716 1271 3796 prima
1290 3714 1444 3776 citacione
1469 3732 1535 3775 non

273 3822 460 3903 comparuit.

379 3928 457 3989 Item
481 3927 635 3989 Crisanus
658 3939 689 3987 et
712 3923 788 3987 luan
820 3939 929 3988 contra
961 3925 1103 3987 relictam
1129 3927 1256 3987 Miklini
1280 3925 1459 3988 lateratoris
1482 3943 1535 3986 oc·

279 4047 353 4095 tavo
379 4032 430 4093 die
455 4032 574 4094 debent
596 4030 800 4113 respondere.

379 4138 457 4199 Item
490 4136 619 4200 Gerden
651 4150 761 4198 contra
785 4136 898 4198 Petren
929 4150 959 4199 et
992 4136 1112 4199 Obram
1145 4137 1247 4219 prima
1283 4137 1437 4199 citacione
1469 4156 1534 4198 uon

275 4244 465 4325 comparuit,
489 4256 602 4305 octavo
627 4243 678 4304 die
703 4241 917 4324 respondebit.

378 4349 456 4410 Item
468 4347 577 4432 Kulyn
588 4361 697 4410 contra
711 4348 738 4410 J.
748 4349 974 4410 stacionarium
987 4349 1090 4432 prima
1101 4350 1257 4412 citacione
1271 4369 1335 4412 non
1347 4349 1535 4430 comparuit.

379 4454 457 4516 Item
489 4454 620 4536 Dragse,
653 4452 774 4515 Obram
799 4454 893 4516 Zolar
925 4467 956 4516 et
994 4455 1105 4517 Petrus
1134 4470 1222 4517 sutor
1252 4456 1356 4538 prima
1381 4456 1535 4516 citacione

275 4571 383 4621 contra
406 4559 604 4621 chhenum
628 4577 694 4620 non
719 4574 976 4642 comparuerunt.

380 4647 458 4728 Item
488 4664 619 4749 Endrey
642 4663 754 4726 Zuisth
785 4677 894 4728 contra
918 4665 1047 4729 Petrum
1079 4664 1303 4749 Krapcheuich
1334 4665 1437 4748 prima
1461 4664 1535 4726 cita-

275 4769 367 4834 cione
386 4791 452 4835 non
476 4771 665 4856 comparuit.
1271 4795 1288 4827 ο
