3488 5250
646 336 733 393 Anno
755 331 846 411 1356.
871 370 914 378 -
936 347 965 412 7.
981 338 1075 412 junr'r‘.

349 545 427 605 Item
452 545 495 605 M.
520 545 555 607 L.
581 556 690 607 contra
713 546 894 608 Marketum
914 545 1020 627 primo
1045 548 1156 608 citatus
1180 566 1245 609 non
1270 534 1459 631 comparuit.

347 650 425 711 Item
442 650 549 711 relicta
566 650 716 712 Jurlronis
732 665 841 714 contra
854 653 964 713 Macen
981 652 1301 715 secundocitatanon
1313 655 1504 737 comparuit.

349 756 427 818 Item
459 756 587 838 Sugaua
626 770 736 819 contra
771 758 958 840 magistrum
994 758 1123 820 Crizani
1157 759 1262 841 primo
1304 760 1398 822 citata
1440 779 1505 821 non

243 862 431 944 comparuit.

248 974 250 978 ’
347 968 426 1030 Item
449 968 595 1030 Andreas
617 968 702 1030 filius
726 968 839 1031 Pulani
868 982 977 1031 contra
1013 990 1146 1032 uxorem
1171 972 1209 1033 N.
1235 971 1363 1032 sartoris
1398 971 1504 1053 primo

242 1074 363 1156 judicio
386 1088 458 1157 post
482 1074 597 1137 festum
623 1075 831 1138 Pentekostes
853 1089 979 1138 tenetur
1002 1090 1176 1159 protestare
1199 1096 1295 1159 super
1318 1075 1402 1139 facto
1426 1076 1506 1139 dua·

242 1200 313 1242 rum
337 1181 517 1261 accionum,
540 1181 690 1244 videlicet
712 1200 808 1263 super
832 1179 917 1244 Iacto
949 1182 1115 1244 cuiusdam
1145 1183 1195 1243 sui
1219 1181 1338 1244 subditi
1362 1182 1503 1265 percussi

243 1299 274 1347 et
296 1306 390 1368 super
414 1285 498 1349 Iacto
522 1287 765 1368 vituperiorum.

348 1392 426 1453 Item
450 1392 713 1472 adjudicaverunt
729 1391 850 1472 judices
869 1407 900 1453 et
914 1391 1017 1475 jurati,
1032 1406 1068 1454 ut
1082 1393 1157 1473 quia
1181 1393 1343 1454 Iohannes
1366 1392 1506 1456 frenator

242 1498 274 1559 in
292 1498 466 1579 quamdam
491 1498 699 1579 pertinaciam
725 1512 928 1577 remanserat,
946 1499 1110 1560 convictus
1134 1512 1180 1560 est
1203 1499 1363 1561 indecem
1380 1499 1505 1577 marcis,

242 1605 323 1686 parti
350 1623 425 1666 vero
449 1603 582 1666 adverse
605 1604 631 1665 si
655 1604 696 1665 ad
712 1618 786 1666 octo
810 1604 878 1667 dies
895 1605 1094 1667 voluntatem
1111 1605 1254 1667 invenire
1271 1605 1402 1687 poterit,
1420 1605 1502 1669 bene

242 1710 386 1791 quidem,
411 1710 556 1791 alioqum
582 1710 640 1792 ipsi
658 1710 738 1790 parti
763 1709 895 1772 adverse
915 1710 1072 1790 justiciam
1097 1710 1273 1792 plenariam
1299 1709 1425 1772 facient.

347 1815 426 1878 Item
451 1817 561 1878 Macen
585 1829 700 1877 octavo
716 1815 768 1877 die
793 1830 903 1877 contra
919 1816 1075 1878 Vidomer
1090 1829 1216 1877 tenetur
1239 1829 1304 1877 met
1327 1828 1432 1877 sextus
1449 1816 1502 1876 de-

241 1941 362 2005 ponere
386 1922 612 2003 juramentum.

347 2028 425 2089 Item
449 2027 713 2089 adiudicaverunt
745 2027 850 2108 jurati,
881 2040 917 2088 ut
946 2027 1021 2108 quia
1054 2027 1237 2089 Demetrius
1269 2025 1504 2088 Lancholotum

242 2133 347 2195 verbis
371 2133 517 2215 turpibus
533 2132 736 2214 pertractavit
752 2133 826 2194 ideo
844 2132 895 2193 vel
919 2145 1032 2193 octavo
1050 2132 1102 2194 die
1118 2132 1144 2193 II
1162 2152 1283 2193 marcas
1298 2131 1504 2193 denariorum

240 2239 344 2302 solvat
368 2238 418 2300 vel
443 2239 575 2299 veniens
597 2257 670 2300 curn
701 2238 792 2300 XXV
822 2239 967 2319 personis
999 2240 1066 2318 ipsa
1091 2239 1188 2300 verba
1221 2256 1329 2299 coram
1353 2237 1424 2318 ipso
1448 2236 1503 2297 ab·

241 2358 347 2426 neget,
371 2357 401 2405 et
424 2342 521 2423 judici
547 2342 687 2405 mediam
711 2363 861 2406 marcam.

347 2449 426 2510 Item
456 2447 616 2530 Georgius
639 2449 812 2531 Comparia
843 2446 963 2510 aleria
987 2463 1073 2510 sexta
1104 2468 1189 2510 nunc
1220 2460 1354 2509 ventura
1378 2446 1411 2508 in
1441 2444 1505 2506 alia

240 2554 321 2617 feria
343 2567 429 2615 sexta
453 2554 580 2615 racione
604 2555 769 2616 cuiusdam
783 2554 887 2633 vinee,
900 2574 995 2636 super
1011 2554 1147 2616 eandem
1171 2554 1299 2615 vineam
1322 2552 1437 2613 stando
1453 2548 1504 2611 vel

241 2680 335 2743 super
348 2675 463 2722 terram
478 2660 632 2740 eiusdem,
645 2674 711 2723 met
723 2662 853 2742 quintus
866 2674 990 2722 tenetur
1004 2661 1164 2743 deponere
1177 2660 1392 2741 juramentum
1409 2676 1505 2740 super

241 2786 291 2846 eo,
317 2765 405 2847 quod
430 2767 469 2827 de
493 2767 694 2848 possessione
718 2768 769 2829 vel
792 2767 886 2828 vioea
909 2767 1036 2830 Arnolti
1061 2768 1094 2828 in
1129 2767 1239 2847 aliquo
1264 2785 1330 2827 non
1353 2764 1505 2827 alienavit

240 2872 753 2956 mmfflmmmm.

346 2977 424 3039 Item
449 2977 596 3039 Emricus
619 2977 763 3039 Kochich
788 2979 813 3038 si
846 2998 946 3059 usque
979 2978 1118 3061 primum
1151 2977 1306 3058 judicium
1340 2995 1415 3038 oum
1445 2976 1503 3038 ali-

240 3085 358 3167 quibus
380 3084 514 3145 testibus
529 3084 647 3165 poterit
670 3085 888 3146 contradicere
911 3083 963 3144 vel
979 3084 1109 3145 obviare
1133 3083 1236 3145 littere
1258 3081 1395 3161 Malech,
1420 3083 1502 3144 bene

241 3190 384 3271 quidem,
408 3189 553 3270 alioquin
579 3189 645 3270 ipse
671 3190 796 3252 Malech
821 3191 853 3251 in
877 3191 1078 3272 possessione
1102 3190 1290 3251 remanebit.

347 3296 425 3357 Item
451 3294 528 3358 feria
552 3309 637 3357 sexta
654 3296 799 3377 proxima
816 3296 990 3357 Paladinus
1007 3309 1071 3358 met
1095 3297 1210 3357 tercius
1226 3308 1352 3357 tenetur
1375 3295 1503 3356 racione

241 3402 409 3464 cuiusdam
425 3402 517 3462 vinee
535 3416 644 3463 contra
661 3402 805 3483 Krupam
822 3402 984 3484 deponere
1000 3401 1215 3483 juramentum
1238 3379 1398 3482 supereo,
1415 3399 1504 3481 quod

240 3509 306 3590 ipse
323 3507 414 3568 scivit
429 3520 460 3594 et
472 3506 628 3568 intellexit
644 3508 745 3589 ipsam
759 3508 886 3569 vineam
901 3527 967 3569 esse
984 3508 1148 3590 propriam
1165 3507 1264 3589 ipsius
1281 3505 1501 3569 Bartholomei

240 3613 345 3674 mariti
362 3613 461 3693 ipsius
480 3612 599 3694 Krupe‚
615 3625 687 3694 post
710 3614 800 3675 cuius
817 3613 986 3674 iuramenti
1003 3613 1243 3694 deposicionem
1268 3612 1352 3674 dicta
1369 3612 1502 3694 Kruppa

240 3717 417 3780 secundum
442 3716 529 3799 quod
555 3718 735 3779 continetur
759 3719 792 3779 in
826 3719 939 3780 litteris
969 3719 1169 3800 obligatoriis
1200 3719 1381 3780 continetur
1417 3715 1499 3778 infra

240 3823 426 3905 quindecim
452 3823 520 3884 dles
542 3823 667 3885 solvere
691 3824 751 3905 ipsi
775 3824 931 3885 Paladino
958 3825 1128 3902 tenebitur,
1153 3824 1208 3905 qui
1233 3825 1258 3885 si
1282 3824 1407 3885 solvere
1431 3841 1497 3884 non

239 3929 366 4011 poterit,
390 3941 505 3989 extunc
527 3928 610 3990 dicta
637 3929 741 4007 vinea,
769 3948 827 4010 pro
855 3929 996 4010 predicta
1023 3930 1157 4012 pecunie
1175 3930 1352 4010 quantitate
1381 3942 1500 4011 quanta

240 4035 273 4096 in
296 4034 409 4096 litteris
432 4034 621 4112 declaratur,
645 4035 821 4097 remanebit
844 4035 904 4116 ipsi
928 4036 1095 4101 Paladino.
1418 4025 1422 4035 ⁵

346 4139 425 4201 Item
438 4138 569 4221 Hudlep
583 4154 693 4201 contra
706 4139 809 4202 filiurn
819 4139 979 4202 ChriatIne
990 4142 1094 4224 primo
1108 4141 1221 4203 citatus
1234 4161 1299 4203 non
1313 4139 1503 4222 comparuit.

345 4245 424 4306 Item
447 4265 541 4307 causa
565 4265 628 4327 que
652 4246 785 4308 vertitur
808 4247 890 4308 inter
907 4247 1015 4309 Petres
1039 4261 1070 4308 et
1094 4247 1139 4311 St.
1157 4247 1183 4308 si
1208 4266 1309 4328 usque
1334 4246 1422 4307 diem
1445 4245 1502 4306 do·

239 4351 394 4413 minicum
418 4371 484 4413 non
507 4353 624 4434 poterit
647 4352 841 4414 concordare
865 4352 905 4414 ad
929 4367 1002 4415 octo
1026 4354 1094 4415 dies
1117 4366 1317 4434 prorogatur.

346 4457 439 4520 Feria
461 4458 558 4520 tercia
579 4459 726 4540 proxima
749 4471 822 4541 post
844 4457 959 4520 festum
984 4459 1197 4520 Pentekosten
1222 4457 1383 4520 commisit
1405 4455 1504 4519 iudex

240 4576 276 4626 ut
299 4583 394 4626 causa
418 4563 644 4646 produccionia
678 4565 808 4626 testium
838 4583 895 4646 per
917 4565 1047 4627 Petrum
1072 4564 1174 4626 filium
1199 4563 1367 4642 Valterini‚
1392 4575 1502 4625 contra

239 4668 420 4732 Iohannem
451 4671 630 4732 Barbacum
661 4669 963 4753 producendorum,
994 4670 1091 4732 hodie
1115 4669 1183 4732 fieri
1209 4669 1367 4748 debenda,
1391 4687 1502 4751 proro-

236 4788 330 4857 getur
353 4775 393 4837 ad
417 4775 557 4858 primum
582 4775 747 4857 judicium.
