3488 5250
562 1359 709 1461 (Anno
739 1358 921 1450 Domini
948 1357 1173 1463 MCCCLV).

709 1523 826 1597 (Memc
840 1525 1018 1601 januario).

313 1673 401 1758 stem
426 1697 596 1758 Barberius
612 1711 721 1759 contra
737 1698 900 1759 Andream
917 1698 1019 1778 prima
1037 1698 1191 1760 citacione
1216 1719 1282 1760 non
1306 1701 1496 1781 comparuit.

311 1775 329 1857 ‘i
360 1803 438 1864 Item
456 1803 599 1864 Hermon
623 1817 654 1864 et
678 1804 825 1865 Herncus
841 1817 950 1865 contra
968 1804 1183 1866 Laurentium
1206 1805 1309 1886 prima
1334 1805 1489 1867 citacione

257 1906 274 1950 0
360 1928 425 1970 non
450 1909 638 1990 comparuit.

341 2016 419 2078 Item
443 2035 622 2096 causaque
646 2015 777 2076 vertitur
801 2016 883 2077 inter
899 2016 1069 2077 Nicolaum
1093 2015 1274 2077 carnificem
1298 2028 1328 2076 et
1353 2015 1439 2077 Bene
1455 2014 1496 2075 ad

236 2137 308 2185 octo
334 2122 401 2182 dies
426 2133 472 2182 est
496 2133 622 2202 recepta
646 2121 685 2182 ad
709 2140 833 2203 pacem.

341 2228 419 2288 Item
443 2246 623 2307 causaque
647 2227 779 2287 vertitur
811 2227 892 2288 inter
916 2227 951 2288 P.
976 2225 1106 2288 fratrem
1138 2227 1172 2287 Z.
1196 2238 1327 2308 propter
1351 2225 1500 2307 digitum,

236 2353 332 2416 quem
358 2333 513 2394 Martinus
536 2332 596 2393 sibi
620 2333 780 2411 mactavit,
805 2351 905 2414 usque
923 2330 1035 2394 feriam
1062 2332 1192 2393 terciam
1218 2331 1322 2393 eidem
1346 2332 1371 2392 si
1389 2329 1500 2393 fecerit

236 2441 320 2517 satis,
346 2441 426 2500 bene
451 2438 594 2519 quidem,
611 2438 756 2520 alioquin
774 2438 951 2500 secundum
976 2437 1064 2519 quod
1081 2437 1114 2498 in
1131 2437 1300 2520 privilegio
1319 2437 1501 2499 continetur

236 2545 513 2608 determinabitur.

341 2647 418 2711 Item
438 2649 574 2725 Mikech‚
609 2649 912 2731 filiusMagdalene,
933 2669 1035 2730 usque
1055 2635 1252 2730 'quindecim
1277 2648 1345 2709 dies
1375 2661 1502 2709 tenetur

236 2755 359 2817 solvere
385 2756 512 2817 Donato
536 2754 698 2817 aurifabro
722 2755 955 2836 quinquaginta
979 2754 1128 2817 florenos.

343 2862 420 2923 Item
446 2861 547 2923 Pausa
571 2874 679 2923 contra
703 2861 874 2922 Nicolaum
903 2861 1055 2921 remansit
1079 2881 1117 2921 ex
1148 2860 1287 2942 quadam
1312 2859 1500 2922 racionabili

238 2986 330 3028 causa
356 2967 387 3028 in
412 2965 508 3028 furtu.

343 3073 420 3133 Item
438 3092 530 3134 causa
549 3073 658 3151 Marci,
675 3071 733 3133 filii
750 3073 885 3151 Kucine,
910 3072 1038 3134 racione
1055 3073 1226 3133 vulnerum
1243 3085 1500 3153 perpetratorum

237 3178 342 3239 eidem
366 3198 421 3260 per
445 3178 480 3240 P.
508 3177 609 3239 filium
635 3176 721 3255 God,
745 3197 801 3259 per
817 3177 937 3258 juratos
960 3179 1021 3239 fuit
1036 3178 1142 3239 taliter
1165 3178 1356 3254 adiudicata‚
1375 3190 1409 3238 ut
1425 3177 1501 3258 quia

238 3283 323 3345 idem
349 3283 382 3345 P.
405 3284 543 3345 eundem
568 3284 757 3360 vulneravit,
786 3284 859 3345 ideo
886 3304 988 3365 usque
1016 3284 1261 3365 quindecimum
1277 3283 1363 3344 diem
1392 3283 1498 3344 eidem

238 3389 364 3451 racione
399 3389 584 3450 earumdem
620 3389 790 3451 vulnerum
827 3389 931 3451 eidem
965 3389 1099 3470 M(arco)
1130 3389 1307 3451 secundum
1343 3390 1431 3470 quod
1464 3389 1496 3449 in

237 3494 405 3577 privilegio
423 3496 602 3557 continetur
618 3494 797 3557 satisfacere
814 3510 844 3556 et
860 3516 918 3577 pro
939 3496 1157 3578 captivacione
1175 3495 1330 3573 eiusdem,
1347 3495 1494 3556 similiter

238 3614 269 3662 et
292 3600 401 3681 judici.

343 3707 421 3767 Item
445 3726 524 3767 uxor
548 3706 689 3767 Barberii
715 3719 824 3768 contra
842 3707 885 3769 M.
909 3707 1014 3787 primo
1037 3706 1131 3766 citata
1156 3726 1221 3766 non
1246 3705 1439 3787 comparuit.

344 3815 421 3872 item
445 3812 547 3872 Jakou
572 3811 610 3871 de
637 3811 780 3872 Gradsan
806 3825 915 3873 contra
940 3811 1120 3873 Johannem
1145 3831 1210 3872 non
1234 3811 1331 3872 venit.
