3488 5250
645 326 731 383 Anno
754 336 843 401 1359.
868 358 909 367 —-
932 338 962 385 2.
986 325 1098 405 aprilrs.

1438 341 1492 384 121

342 537 419 597 Item
447 536 555 597 Macen
582 536 775 597 subsoliator
799 549 913 596 octavo
931 535 982 595 die
1008 554 1063 616 per
1088 534 1223 595 Paulutn
1241 534 1352 595 Bobek
1378 548 1409 595 et
1432 537 1497 594 An-

235 643 345 703 dream
369 643 478 724 Askyn
502 641 723 703 testimonium
742 641 917 722 producere
935 654 1061 702 tenetur
1077 653 1185 702 contra
1212 639 1341 700 Petrum
1366 637 1495 700 statrem

235 749 310 810 Jaxe
334 767 429 830 super
453 767 503 826 eo,
528 747 615 828 quod
634 747 699 828 ipse
725 748 835 809 Petrus
859 765 933 809 cum
950 745 1134 807 hominibus
1158 745 1222 806 suis
1245 764 1301 806 sua
1318 744 1496 806 temeritate

237 854 365 936 propria
391 853 596 916 vulnerasset.

342 978 419 1038 Item
453 977 538 1038 idem
572 977 682 1038 Petrus
714 977 829 1038 eodem
861 976 914 1037 die
946 989 1055 1037 contra
1088 975 1209 1037 dictum
1243 975 1409 1036 Marenum
1442 994 1499 1057 per

236 1083 365 1166 Endrey
391 1083 485 1144 Zolar
509 1096 539 1144 et
563 1083 657 1144 Sosse
675 1083 896 1144 testImonium
921 1082 1098 1164 producere
1129 1095 1255 1143 tenetur
1278 1081 1310 1142 in
1334 1101 1384 1160 eo,
1408 1081 1496 1162 quod

235 1190 301 1272 ipse
326 1190 435 1250 Mareu
460 1189 499 1249 de
516 1189 675 1249 Domiano
700 1189 830 1250 concive
855 1201 975 1267 nostro,
1000 1187 1171 1268 iobagione
1188 1187 1287 1269 ipsius
1311 1186 1405 1265 Petri,
1423 1205 1497 1269 pro·

235 1299 302 1380 pria
327 1317 382 1359 sua
407 1317 481 1358 curn
505 1296 652 1379 potencia
677 1296 848 1358 clamidem
873 1295 1064 1357 abstulisset.

341 1420 417 1482 Item
443 1439 523 1481 uxor
547 1421 719 1480 Krauturm
745 1431 855 1482 contra
881 1419 967 1480 Mare
991 1418 1159 1480 mulierem
1183 1417 1288 1500 prImo
1308 1416 1401 1477 citata
1430 1435 1494 1477 non

235 1525 424 1607 comparuit.

341 1630 418 1693 Item
444 1631 546 1691 Draxe
571 1644 679 1692 contra
706 1631 844 1691 Pousam
868 1630 972 1712 primo
1004 1630 1117 1691 citatus
1142 1648 1206 1690 non
1231 1627 1420 1709 comparuit.

341 1736 419 1798 Item
445 1738 554 1798 Maren
581 1736 760 1797 Lachkonis
777 1748 890 1797 octavo
915 1736 966 1796 die
987 1749 1113 1798 tenetur
1135 1734 1301 1797 testificare
1326 1733 1404 1814 quid
1421 1731 1499 1793 sciet

236 1843 317 1904 inter
342 1842 510 1903 Nicolaum
536 1856 566 1903 et
592 1841 773 1902 Emericum
793 1840 955 1903 carnifices
979 1842 1105 1903 racione
1130 1840 1294 1903 cuiusdam
1320 1837 1453 1919 argenti.

341 1947 418 2009 Item
443 1961 556 2009 octavo
580 1948 632 2008 die
658 1947 743 2008 Elias
768 1967 883 2028 parvus
910 1966 1005 2029 super
1030 1967 1095 2008 uno
1119 1946 1228 2028 gladio
1252 1958 1362 2006 contra
1389 1943 1496 2004 Rados

236 2053 338 2133 jurare
364 2053 469 2115 debet.

341 2159 419 2220 Item
444 2159 537 2221 luech
563 2159 663 2220 Piuka
686 2172 794 2221 contra
820 2161 987 2221 Mortonos
1010 2159 1192 2222 sellatorem
1217 2157 1319 2238 prima
1343 2154 1498 2217 citacione

236 2284 299 2325 non
326 2266 514 2346 comparuit.

341 2370 419 2432 Item
444 2371 599 2432 Martinus
624 2371 803 2433 Denlretine
827 2387 936 2434 contra
962 2372 1066 2453 ipsum
1086 2371 1251 2432 Mortonos
1274 2367 1314 2428 ad
1339 2380 1412 2428 octo
1429 2366 1497 2427 dies

235 2475 354 2556 recepit
376 2477 550 2538 terminum
574 2477 614 2538 ad
646 2477 917 2560 respondendum.

342 2599 418 2660 Item
444 2620 545 2682 usque
569 2613 719 2662 octavum
737 2600 822 2663 diem
840 2615 967 2664 tenetur
984 2601 1138 2662 Martinus
1155 2600 1279 2683 Reyniz
1304 2617 1377 2660 cum
1391 2596 1498 2660 Draxe
1559 2617 1562 2623 ’

236 2723 342 2766 coram
368 2705 468 2767 Paulo
492 2705 559 2768 lilio
590 2707 750 2769 Leunardi
783 2722 813 2769 et
844 2709 982 2769 MartIno
1015 2727 1072 2769 nec
1097 2708 1143 2769 St.
1177 2707 1281 2787 judice
1306 2725 1426 2788 ponere
1449 2725 1498 2767 ra·

236 2811 373 2890 cionem,
403 2813 476 2873 licet
509 2813 592 2873 idem
627 2813 782 2874 Martinus
814 2815 937 2897 Reyniz
969 2814 1070 2890 dicat,
1104 2812 1191 2895 quod
1226 2813 1289 2874 iarn
1324 2832 1397 2873 curn
1429 2811 1499 2894 ipso

237 2916 339 2977 Draxe
363 2918 396 2978 in
420 2918 582 2999 presencia
607 2917 767 2980 dictorum
793 2918 911 2981 Paulelr
937 2933 967 2980 et
1001 2919 1130 2980 Martini
1156 2918 1313 3000 posuisset
1336 2917 1498 2979 racionem

236 3037 266 3084 et
289 3023 349 3084 sibi
374 3023 459 3085 idem
485 3025 586 3085 Draxe
611 3023 643 3085 in
668 3024 720 3085 IIII
746 3025 859 3086 marcis
885 3039 916 3086 et
941 3025 965 3085 L
989 3024 1128 3085 denariis
1154 3023 1367 3085 remansisset.

340 3147 417 3208 Item
442 3148 519 3209 Iuan
546 3147 683 3209 Plauech
708 3163 817 3211 contra
843 3150 888 3211 St.
913 3149 1140 3210 stacionarium
1165 3149 1269 3230 primo
1294 3148 1407 3209 citatus
1432 3166 1495 3208 non

239 3254 427 3334 comparuit.

342 3359 419 3420 Item
445 3361 581 3421 lacobus
605 3360 709 3421 dictus
727 3362 801 3422 Kun
826 3373 936 3424 contra
953 3361 1191 3424 Lancholotum
1215 3362 1317 3444 prima
1342 3361 1497 3423 citacione

237 3483 301 3524 non
327 3467 515 3548 comparuit.

342 3570 419 3631 Item
456 3587 570 3633 octavo
606 3572 657 3633 die
692 3572 778 3633 Elias
809 3592 925 3654 parvus
956 3588 1065 3634 contra
1098 3574 1253 3635 Iacobum
1283 3573 1411 3634 Zirotlca
1443 3592 1499 3654 per

237 3674 341 3736 Vanse
365 3697 459 3760 super
483 3678 593 3740 debito
619 3679 716 3739 LXVI
743 3679 850 3740 denar.
882 3679 1102 3741 testImoniunr
1126 3680 1301 3761 producere
1327 3679 1430 3742 debet.

343 3800 419 3861 Item
446 3802 600 3863 Martinus
623 3822 751 3864 mosnar
776 3817 885 3865 contra
911 3803 1014 3864 Ellam
1040 3823 1172 3885 parvum
1197 3803 1237 3863 ad
1261 3817 1334 3864 octo
1358 3803 1427 3863 dies
1450 3821 1497 3863 re-

237 3905 319 3986 cepit
343 3906 514 3967 terminum
538 3908 578 3968 ad
604 3909 874 3989 respondendum.

342 4011 419 4071 Item
444 4011 625 4074 Demetrius
651 4014 755 4097 Brayn
780 4034 881 4096 usque
909 4014 1151 4096 qulndecimum
1176 4014 1262 4076 diem
1287 4028 1412 4076 tenetur
1435 4014 1497 4075 sol·

236 4135 309 4176 vere
333 4116 410 4177 Iuan
436 4117 666 4201 Chidauchych
693 4121 717 4180 ll
743 4140 866 4203 pensas.

342 4222 419 4283 Item
444 4223 539 4285 Iuech
564 4223 662 4286 Piulca
680 4240 789 4286 contra
814 4227 970 4287 Iacobum
987 4226 1115 4286 Zirotlra
1137 4226 1278 4287 secundo
1303 4227 1415 4287 citatus
1432 4245 1496 4288 non

237 4331 415 4411 comparuit
439 4347 469 4393 et
493 4332 531 4392 N.
556 4331 640 4393 filius
664 4333 799 4415 Ztoyani
824 4332 925 4414 prima
950 4332 1105 4394 citacione
1130 4346 1240 4394 contra
1265 4332 1414 4396 eundem.

342 4454 419 4514 Item
444 4458 552 4537 Arney
583 4455 753 4537 pannicida
786 4469 894 4518 contra
928 4455 1056 4517 Petrum
1088 4454 1218 4517 fratrem
1249 4458 1325 4518 laxe
1355 4457 1497 4518 secundo

237 4559 349 4621 citatus
374 4580 440 4622 non
464 4561 653 4643 comparuit.

344 4665 420 4727 Item
446 4666 556 4728 Petrus
579 4666 674 4727 frater
698 4668 772 4728 laxe
797 4681 907 4728 contra
940 4667 1173 4729 Lancholotum
1198 4669 1238 4729 ad
1263 4682 1336 4730 octo
1360 4669 1428 4729 dies
1451 4687 1495 4729 re·

238 4772 320 4853 cepit
343 4773 516 4834 terminum
541 4773 581 4834 ad
605 4773 878 4855 respondendum.
