3488 5250
644 354 844 430 Ann01359.
870 387 908 397 -
934 351 986 416 26.
1002 299 1163 431 februarii.

380 563 459 626 Item
494 563 602 625 relicta
637 564 816 626 Martinkus
849 578 959 626 contra
991 565 1160 627 Marchech
1199 566 1304 648 primo
1340 567 1433 630 citata
1473 588 1539 630 non
1629 609 1634 617 ·

276 670 465 751 comparuit.

381 777 460 839 Item
485 774 645 857 Georgius
669 789 778 839 contra
803 777 932 839 Petrum
954 777 1071 859 Loytra
1095 776 1201 858 prImo
1224 777 1337 839 citatus
1360 796 1426 839 non
1451 797 1537 840 com·

275 882 390 964 paruit.

380 987 460 1051 Item
484 987 577 1050 Vitus
600 1001 709 1050 contra
735 988 913 1070 Georgium
937 987 1042 1071 primo
1066 989 1179 1051 citatus
1202 1008 1268 1050 non
1293 988 1482 1071 comparuit.

380 1093 459 1155 Item
491 1092 679 1155 Crizozlaua
710 1108 824 1156 octavo
856 1094 908 1155 die
934 1114 992 1178 per
1023 1095 1068 1157 St.
1100 1108 1132 1156 et
1163 1094 1308 1157 Marcech
1340 1108 1450 1157 contra
1474 1095 1539 1157 Do-

275 1218 420 1279 mianum
445 1237 540 1299 super
564 1217 729 1299 vituperiis
751 1218 971 1280 testimonium
1000 1218 1177 1300 producere
1199 1231 1336 1280 tenetur.

381 1323 458 1384 Item
482 1323 558 1384 Iuan
584 1322 723 1385 PIauech
756 1336 866 1385 contra
898 1323 1056 1386 Zorenam
1088 1324 1193 1406 primo
1226 1324 1339 1386 citatus
1362 1343 1427 1386 non
1452 1343 1538 1386 com·
1607 1394 1611 1400 ,

276 1429 389 1512 paruit.

382 1535 459 1596 Item
485 1547 599 1596 octavo
624 1534 675 1596 die
701 1534 839 1597 MichaeI
860 1533 943 1596 filius
968 1535 1013 1597 St.
1038 1549 1148 1598 contra
1165 1535 1294 1598 Petrum
1318 1550 1459 1598 sutorem
1483 1555 1540 1618 per

276 1642 459 1703 Emericum
486 1655 516 1702 et
540 1641 621 1703 VoIe
645 1660 741 1722 super
771 1659 836 1701 uno
868 1654 898 1701 et
929 1640 1038 1702 medio
1062 1641 1181 1703 cubqu
1213 1641 1364 1703 frumenti
1395 1642 1538 1703 teatImo·

275 1748 364 1809 nium
390 1747 567 1829 producere
590 1760 726 1808 tenetur.

379 1854 457 1915 Item
482 1853 669 1914 Hermanko
701 1851 840 1913 carnifex
872 1866 981 1914 contra
1015 1852 1157 1914 Blasium
1189 1853 1294 1935 prImo
1327 1852 1440 1913 citatus
1472 1870 1537 1913 non

275 1958 464 2041 comparuit.

380 2065 457 2126 Item
482 2064 592 2125 KatrIa
624 2083 704 2124 uxor
728 2062 838 2125 Obrad
863 2063 903 2125 ad
930 2077 1004 2126 octo
1029 2064 1098 2126 dies
1129 2077 1239 2126 contra
1264 2064 1308 2125 St.
1334 2065 1453 2146 recepit
1475 2076 1536 2125 ter·

275 2171 398 2231 mittum
421 2169 462 2230 ad
486 2168 758 2250 respondendum.

378 2294 456 2354 Item
481 2292 661 2354 Domianus
677 2293 821 2355 woschar
844 2306 954 2356 contra
971 2295 1104 2356 Piukam
1122 2309 1153 2357 et
1170 2294 1315 2358 Cernech
1333 2295 1475 2356 secundo
1493 2293 1535 2355 ci-

274 2415 357 2462 tatus
381 2419 447 2461 non
471 2398 660 2480 comparuit.

378 2506 457 2566 Item
480 2502 637 2584 Dragicba
668 2518 776 2565 contra
812 2506 954 2567 Katriam
986 2507 1089 2587 prImo
1122 2507 1215 2569 citata
1246 2527 1310 2567 non
1343 2504 1535 2588 comparuit.
1629 2559 1634 2567 .

379 2629 455 2688 Item
489 2641 602 2688 octavo
634 2628 685 2689 die
712 2627 844 2689 Hernko
876 2629 1025 2709 quitquid
1049 2630 1130 2691 inter
1162 2630 1333 2691 Nicolaum
1364 2643 1395 2690 et
1428 2626 1535 2690 Golob

274 2733 466 2812 testificabit,
491 2734 584 2794 ambe
608 2747 713 2814 partes
736 2735 957 2815 acceptabunt.

380 2840 456 2900 Item
492 2837 595 2899 Draxe
636 2838 740 2919 primo
773 2839 885 2899 citatus
928 2853 1037 2900 contra
1075 2839 1248 2900 Martinum
1288 2840 1430 2922 Reynicz
1469 2858 1534 2900 non

273 2945 462 3026 comparuit.
886 2941 896 2956 ‘

379 3050 455 3109 Item
482 3048 572 3110 Vitus
595 3062 704 3109 contra
730 3049 870 3130 Reynicz
895 3048 934 3108 ad
960 3063 1033 3109 octo
1058 3049 1126 3110 dies
1155 3050 1273 3132 recepit
1295 3051 1469 3112 terminum
1494 3049 1534 3111 ad

275 3154 546 3236 respondendum.

379 3261 455 3321 Item
480 3258 624 3320 Cernech
649 3271 757 3319 contra
783 3257 923 3319 Cussech
947 3258 1052 3339 prImo
1076 3259 1188 3321 citatus
1211 3280 1276 3322 non
1301 3263 1489 3344 comparuit.

382 3367 458 3426 Item
484 3365 608 3425 Blasius
631 3365 840 3425 stacionarius
870 3365 1000 3426 nornine
1026 3364 1156 3427 Osanna
1181 3387 1290 3429 socrus
1313 3388 1368 3429 sue
1393 3368 1433 3429 ad
1459 3383 1533 3429 octo

280 3473 348 3532 dies
372 3472 490 3553 recepit
513 3471 685 3531 terminum
710 3468 749 3530 ad
774 3471 1033 3551 respondendum
1058 3486 1167 3533 contra
1192 3473 1354 3536 Mathiam.

379 3595 455 3655 Item
480 3593 581 3673 Agich
606 3607 715 3653 contra
740 3593 894 3654 Mathiam
918 3593 1059 3656 secundo
1084 3596 1196 3657 citatus
1221 3615 1285 3657 non
1311 3596 1490 3677 comparuit

378 3699 455 3760 Item
482 3697 611 3781 Mathey
634 3698 718 3760 filius
750 3698 908 3781 LeypoIdi
940 3713 1049 3761 contra
1081 3699 1124 3762 St.
1149 3701 1291 3763 secundo
1323 3702 1436 3762 citatus
1469 3721 1532 3762 non

273 3805 462 3885 comparuit.

380 3910 458 3970 Item
483 3929 576 3970 causa
600 3928 664 3989 que
688 3910 819 3971 vertitur
843 3911 925 3972 inter
948 3909 1067 3972 Troath
1093 3925 1124 3971 et
1148 3911 1232 3972 Mike
1257 3912 1468 3973 balniatorem
1493 3912 1533 3973 ad

273 4014 412 4095 primum
445 4012 599 4093 judicium
632 4013 663 4075 in
696 4015 941 4096 quadragesima
972 4031 1018 4077 est
1049 4031 1231 4097 prorogata,
1264 4017 1295 4076 in
1320 4036 1385 4097 quo
1409 4019 1434 4077 si
1467 4036 1532 4078 non

273 4119 471 4199 comparebit
494 4119 561 4199 ipse
588 4119 693 4201 Myke,
726 4140 797 4181 reus
828 4120 881 4181 fiet
905 4135 1014 4182 contra
1047 4141 1139 4198 eum;
1163 4123 1188 4182 si
1213 4141 1289 4183 vero
1320 4123 1428 4183 medio
1452 4136 1532 4183 tem·

273 4242 349 4305 pore
375 4224 459 4284 idem
486 4224 581 4305 Myke
606 4224 744 4286 affecerit
777 4227 916 4287 eundem
940 4230 1039 4287 verbo
1073 4230 1123 4287 vel
1149 4226 1232 4288 Iacto
1264 4240 1294 4289 et
1317 4227 1450 4288 interfici
1475 4248 1532 4309 po·
1561 4274 1567 4284 .

273 4329 344 4388 terit
368 4327 419 4389 vel
444 4328 602 4390 vulnerari
628 4349 685 4411 per
708 4330 857 4409 eundem,
883 4331 1041 4392 civitatem
1067 4351 1132 4392 non
1157 4332 1277 4413 perdet.

378 4452 455 4511 Item
480 4471 572 4513 causa
597 4473 659 4535 que
691 4456 822 4516 vertitur
855 4456 936 4516 inter
964 4455 1144 4517 Iohannem
1176 4455 1279 4517 filium
1306 4456 1474 4519 Laurencii
1501 4472 1531 4519 et

273 4553 373 4615 filium
398 4555 549 4618 chheni
573 4557 685 4619 decani
710 4558 750 4620 ad
774 4575 846 4621 octo
871 4558 940 4621 dies
964 4572 1009 4620 est
1041 4573 1211 4641 prorogata
1235 4561 1274 4621 ad
1300 4581 1421 4642 pacem.

379 4678 454 4738 Item
479 4678 523 4742 St.
548 4680 643 4742 frater
668 4681 830 4743 Lourandi
863 4694 973 4743 contra
1005 4683 1141 4743 Paulum
1175 4681 1300 4744 fabrum
1324 4686 1466 4749 secundo
1490 4689 1531 4749 ci-

273 4794 355 4842 tatua
378 4801 443 4843 non
468 4786 657 4869 comparuit.
