3488 5250
568 1382 716 1480 (Anno
746 1382 926 1476 Domini
955 1383 1182 1488 MCCCLX.)

243 1734 318 1814 Sub
347 1759 440 1814 anno
475 1737 607 1814 domini
645 1740 833 1817 millesimo
875 1739 1038 1818 CCCLX
1075 1742 1167 1821 feria
1203 1751 1308 1822 sexta
1344 1705 1509 1844 ploxima

242 1868 329 1960 post
370 1860 583 1938 dominicam
626 1861 827 1957 luvocavit,
877 1873 1042 1966 tempore
1089 1864 1272 1964 judicatus
1314 1865 1399 1944 luan
1449 1866 1509 1944 filii

244 1982 404 2086 Georgii,
441 1984 567 2075 iudicis
605 1986 760 2064 civitatis
799 1987 1017 2065 Grechensis
1055 1997 1182 2066 notate
1219 1998 1303 2067 suni
1339 1991 1507 2068 acciones

760 2134 999 2189 causancrum.

349 2336 457 2399 Primo
480 2338 674 2417 Anthonius,
699 2339 838 2402 Michael
863 2353 895 2401 et
918 2339 1013 2401 luech
1042 2359 1142 2423 usque
1167 2341 1347 2423 quindenas
1371 2342 1509 2424 quilibet

244 2459 341 2502 unam
366 2461 506 2504 marcam
532 2442 674 2527 Georgio
698 2445 855 2507 Ztaunich
872 2445 997 2507 solvere
1021 2458 1181 2525 tenentur,
1199 2461 1229 2508 et
1245 2445 1344 2527 judici
1360 2447 1509 2510 similiter

242 2547 379 2628 quilibet
401 2548 542 2610 mediam
566 2569 716 2612 marcam.

348 2654 427 2717 ltem
452 2655 497 2718 St.
523 2655 662 2739 Saluych
688 2671 796 2718 contra
821 2656 1027 2719 Crizozlaum
1052 2657 1157 2740 primo
1186 2658 1299 2721 citatus
1329 2678 1394 2719 non
1418 2676 1507 2720 com-

242 2772 357 2840 paruit.

350 2866 427 2928 ltem
452 2867 598 2929 Andreas
622 2868 735 2929 Pulani
760 2887 861 2950 usque
892 2867 1072 2949 quindenas
1103 2881 1229 2930 tenetur
1251 2869 1375 2931 solvere
1407 2869 1508 2931 archi-

242 2969 380 3033 diacono
404 2972 604 3054 zagrabiensi
628 2974 687 3034 XV
711 2993 842 3035 marcas.

348 3095 426 3157 Item
451 3116 545 3158 causa
570 3116 632 3179 que
657 3097 789 3159 vertitur
806 3097 887 3158 inter
904 3097 1095 3160 Michaelem
1112 3110 1255 3159 sutorem
1271 3111 1302 3159 et
1318 3098 1507 3159 Bankoncm

243 3201 282 3263 de
306 3203 398 3264 Nova
423 3202 498 3264 villa
523 3222 580 3286 per
602 3203 804 3265 Anthonium
833 3216 975 3265 sutorem
999 3203 1040 3265 ad
1064 3216 1137 3265 octo
1169 3202 1238 3265 dies
1261 3202 1301 3264 ad
1325 3221 1438 3284 pacem
1462 3216 1510 3264 est

242 3321 422 3390 prorogata.

347 3415 426 3475 Item
449 3414 563 3475 Wolin
589 3414 717 3492 Paulus,
742 3415 862 3476 Brenar
894 3428 925 3476 et
949 3414 1111 3476 lohannes
1132 3427 1227 3476 testes
1250 3433 1307 3495 per
1331 3413 1502 3474 Nicolaum

242 3519 429 3582 cimatorem
453 3531 564 3581 contra
581 3520 658 3602 Jurg
674 3532 828 3582 sartorem
853 3534 884 3581 et
901 3517 1090 3582 familiarem
1108 3519 1177 3582 eius
1201 3518 1360 3601 producti,
1377 3538 1507 3580 causam

243 3638 363 3687 motam
388 3625 470 3687 inter
494 3644 550 3687 eos
573 3624 613 3686 ad
637 3639 710 3687 octo
735 3625 804 3686 dies
827 3624 867 3686 ad
892 3644 1003 3706 pacem
1026 3637 1250 3706 prorogarunt.

349 3750 427 3811 ltem
451 3749 694 3831 quintodecimo
719 3749 771 3810 die
797 3747 956 3830 Georgius
979 3768 1075 3830 preco
1099 3761 1225 3809 tenetur
1248 3747 1373 3808 solvere
1397 3745 1507 3807 relicte

243 3854 371 3916 Martini
397 3855 533 3916 Zolezen
558 3854 598 3915 lll
622 3874 736 3937 pensus
752 3853 958 3915 denariorum
979 3867 1010 3932 et
1025 3853 1147 3915 solidos
1170 3853 1237 3931 vll,
1261 3852 1287 3914 si
1311 3865 1419 3914 autem
1437 3851 1505 3933 ipse

244 3958 403 4040 Georgius
427 3959 537 4021 medio
560 3973 705 4041 tempore
721 3960 845 4040 aliquid
864 3979 897 4021 se
915 3972 987 4042 post
1002 3958 1158 4040 judicium
1183 3978 1238 4041 per
1254 3957 1425 4020 dominum
1449 3957 1507 4017 Pe·

241 4079 327 4127 trum
351 4063 470 4127 factum
494 4065 686 4146 probaverit,
711 4064 921 4126 dcialcabitur
944 4065 1060 4128 eidem.

349 4172 427 4233 ltem
452 4171 618 4233 Jonzlinus
648 4170 845 4253 Krupichich
877 4184 986 4233 contra
1016 4168 1143 4234 Gorech
1167 4171 1273 4252 primo
1304 4170 1418 4232 citatus
1440 4188 1507 4232 non

243 4277 432 4360 comparuit.

350 4384 426 4445 ltem
453 4383 555 4444 Kussa
579 4398 688 4444 contra
714 4382 845 4444 Ilionam
871 4383 976 4464 primo
1006 4382 1099 4443 citata
1124 4401 1189 4442 non
1217 4380 1406 4464 comparuit.

349 4489 427 4551 Item
453 4488 648 4570 Meynardus
672 4502 782 4550 contra
807 4487 981 4550 Cristinom
993 4487 1098 4569 primo
1112 4487 1225 4549 citatus
1238 4505 1304 4549 non
1317 4484 1508 4565 comparuit.

348 4612 426 4673 item
450 4611 550 4673 Milia
575 4630 648 4673 curn
673 4609 816 4693 Georgio
845 4609 1016 4693 jobagione
1041 4630 1100 4672 suo
1131 4624 1241 4672 contra
1266 4608 1448 4671 Johannem
1472 4605 1507 4668 fi-

242 4717 322 4779 lium
347 4716 516 4778 Laurencii
539 4717 645 4798 primo
658 4716 742 4777 citati
767 4734 834 4777 non
857 4729 1115 4797 comparuerunt.
