3488 5250
611 352 697 410 Anno
720 347 812 428 1360.
839 385 879 394 -
904 367 931 412 J.
954 351 1113 412 decembris.
1437 369 1491 431 ¹9¹

232 563 401 625 dominum
427 562 565 640 Mikech,
591 561 623 623 in
647 580 744 643 quem
769 581 801 623 se
818 575 923 643 partes
938 561 1164 638 submiserunt,
1186 561 1406 623 testImonium
1424 580 1497 643 pro·

233 669 350 731 ducere
376 669 471 731 debet
502 688 597 751 super
627 687 676 745 eo,
709 668 796 749 quod
830 681 893 730 tres
925 668 1013 729 balas
1037 667 1076 728 de
1108 667 1275 729 salmintro
1305 667 1346 729 ad
1372 686 1497 730 conser-

231 776 376 838 vandum
400 775 600 856 assignasset.

340 882 418 943 Item
442 881 595 943 Nicolaus
619 881 652 942 in
678 880 764 942 curia
790 880 952 942 Hozareni
978 880 1126 958 existens,
1159 893 1268 941 contra
1294 881 1368 941 Kun
1391 879 1498 961 primo

234 988 348 1049 citatus
371 1006 436 1048 non
464 986 652 1068 comparuit.

339 1093 417 1156 Item
441 1093 593 1154 Nicolaus
617 1092 749 1154 maritus
765 1092 928 1173 quondam
947 1092 1054 1153 relicte
1073 1091 1183 1153 Jacobi
1200 1104 1232 1153 et
1248 1091 1338 1152 Rade
1358 1088 1499 1152 famulus

234 1200 371 1263 condam
391 1199 546 1278 paladini,
563 1213 658 1262 testes
669 1219 725 1280 per
735 1199 897 1259 Andream
914 1198 954 1259 de
968 1197 1078 1279 Spinal
1093 1197 1251 1279 producti,
1265 1197 1369 1258 taliter
1385 1197 1495 1258 extite-

189 1341 195 1352 ·
234 1321 307 1368 runt
331 1320 439 1369 contra
463 1305 565 1367 filium
584 1304 696 1367 Gonce
720 1302 887 1381 testificati,
904 1303 992 1385 quod
1017 1303 1083 1384 ipse
1100 1300 1185 1364 filius
1209 1301 1343 1365 Goncbe
1368 1321 1424 1384 per
1447 1302 1493 1363 bi-

234 1412 351 1473 cellum
375 1432 409 1474 se
430 1412 569 1473 tenendo
594 1411 676 1472 inter
699 1411 761 1472 alia
789 1409 933 1472 enormia
961 1408 1117 1490 vituperia
1142 1408 1174 1469 in
1203 1408 1308 1489 ipsum
1334 1407 1497 1469 Andream

235 1518 332 1597 illata,
351 1519 453 1599 ipsum
471 1517 633 1578 Andream
652 1517 780 1578 dixisset
797 1514 960 1577 infidelem
977 1529 1008 1577 et
1023 1513 1221 1597 proditorem
1239 1513 1393 1589 civitatis,
1411 1512 1498 1575 unde

236 1623 275 1684 de
291 1623 353 1685 hoc
370 1623 634 1684 determinabitur
651 1622 756 1704 prImo
769 1621 889 1704 judicIo
905 1620 1062 1682 adventus
1075 1621 1118 1680 M.
1129 1617 1186 1681 filii
1200 1619 1235 1681 F.
1249 1619 1282 1681 in
1296 1618 1496 1700 Zagrabiam.

341 1728 418 1790 Item
452 1729 577 1790 Marcus
609 1728 766 1790 Boniolus
797 1747 856 1809 pro
887 1726 982 1789 Iratre
1013 1745 1072 1787 suo
1104 1738 1213 1787 contra
1246 1724 1425 1787 Obramum
1456 1725 1496 1786 ad

235 1847 308 1896 octo
334 1834 401 1895 dies
424 1835 543 1916 recepit
565 1833 738 1895 terminum
762 1832 802 1894 ad
826 1832 1098 1914 respondendum.

341 1941 418 2002 Item
444 1941 622 2002 Domianus
644 1941 684 2002 de
708 1941 792 2021 Vgra
817 1953 926 2001 contra
958 1939 1100 2000 Blasium
1124 1937 1165 1998 ad
1189 1950 1262 1999 octo
1287 1938 1355 2000 dies
1378 1937 1499 2019 recepit

235 2046 407 2107 terminum
432 2046 473 2108 ad
497 2045 769 2127 respondendum.
1228 2126 1231 2132 Ι

343 2153 419 2213 Item
446 2152 596 2233 Dragona
621 2166 729 2213 contra
756 2152 801 2214 St.
824 2151 966 2213 secundo
989 2152 1102 2213 citatus
1129 2171 1194 2213 non
1220 2149 1409 2231 comparuit.

342 2259 419 2319 Item
452 2258 627 2340 Gregorius
657 2257 742 2320 filius
773 2257 928 2320 Chuechk
961 2271 1070 2319 contra
1099 2257 1235 2319 Paulum
1267 2256 1363 2318 ZoIar
1396 2255 1500 2337 primo

237 2363 349 2425 citatus
373 2384 438 2425 non
463 2365 652 2446 comparuit.

342 2470 421 2532 Item
445 2470 600 2532 Cussicha
624 2484 733 2532 contra
760 2469 959 2532 Lukachium
983 2470 1088 2551 primo
1112 2469 1206 2531 citata
1229 2488 1294 2530 non
1312 2468 1501 2549 comparuit.

344 2576 421 2637 Item
447 2590 560 2638 octavo
585 2577 636 2637 die
663 2576 739 2637 Iuan
759 2575 897 2638 Plauech
922 2589 1031 2637 contra
1050 2575 1263 2636 Laurencium
1288 2573 1428 2635 Vardicb
1446 2593 1502 2655 per

238 2680 415 2764 Georgium
441 2697 471 2743 et
496 2683 697 2759 Kurkonem,
721 2682 809 2763 quod
834 2682 901 2763 ipse
923 2681 1120 2742 Laurencius
1142 2693 1304 2742 teneretur
1328 2679 1433 2740 eidem
1450 2679 1501 2741 veI

238 2787 320 2848 XIIII
346 2788 451 2870 pensis
475 2788 526 2850 vel
551 2788 677 2849 duobus
702 2789 815 2848 bobus.

343 2893 420 2956 Item
447 2894 590 2955 Baboieb
615 2893 853 2956 molendinator
876 2892 972 2954 hodie
989 2906 1099 2954 contra
1124 2892 1297 2953 MartInum
1315 2904 1345 2951 et
1363 2890 1498 2951 Paulum

238 3019 416 3081 proponere
442 3001 595 3076 debebat,
620 3013 650 3060 et
673 3013 761 3061 actor
785 3000 922 3060 existens
946 3017 1011 3059 non
1037 2999 1123 3059 venit
1146 3017 1205 3059 nec
1230 2996 1324 3059 misit.

344 3106 422 3166 Item
446 3125 539 3167 causa
565 3106 635 3167 EIie
659 3105 841 3166 stationarii
866 3118 897 3165 et
922 3104 1049 3165 MartIni
1082 3103 1215 3185 Reyniz,
1239 3102 1314 3183 quIa
1339 3102 1427 3163 nulla
1452 3102 1499 3164 in·

237 3224 412 3272 strumenta
437 3212 522 3273 idem
556 3211 710 3273 Martinus
742 3210 911 3272 exhibebat
942 3209 998 3270 sed
1030 3209 1136 3270 solum
1168 3209 1272 3270 littere
1304 3208 1404 3288 ipsius
1431 3208 1501 3270 EIIe

238 3336 271 3377 se
303 3317 429 3378 dicebat
459 3317 621 3398 perivisse,
656 3317 729 3378 ideo
763 3315 803 3378 ad
835 3314 1009 3376 adventum
1036 3314 1149 3396 judicis
1181 3328 1227 3375 est
1258 3326 1427 3395 prorogata
1462 3313 1502 3374 ad

238 3422 377 3504 primum
402 3422 567 3503 judicium.

345 3529 423 3590 Item
456 3529 617 3591 Iohannes
649 3527 788 3590 frenator
819 3540 928 3589 contra
961 3525 1079 3587 Trosth
1113 3524 1255 3586 secundo
1288 3525 1401 3586 citatus
1434 3544 1500 3586 non

239 3633 428 3715 comparuit.

346 3740 423 3801 Item
447 3739 542 3800 hodie
568 3739 696 3800 Gerdak
713 3736 853 3800 famulus
869 3736 984 3817 judicis
996 3750 1105 3798 contra
1123 3733 1283 3798 Cernkam
1302 3733 1501 3796 Zalaricham

238 3845 459 3905 testimonium
484 3846 660 3926 producere
686 3844 834 3920 debebat,
860 3856 890 3905 et
914 3862 979 3904 non
1005 3841 1166 3924 produxit.

346 3950 423 4011 Item
446 3971 526 4012 uxor
550 3951 661 4013 Obrad
685 3963 794 4013 contra
820 3948 1011 4010 Michaelem
1036 3947 1166 4028 HudIep
1192 3947 1296 4028 prImo
1320 3947 1414 4008 citata
1437 3965 1503 4008 non

241 4057 430 4138 comparuit.

303 4290 399 4365 FerIa
427 4297 533 4365 tercia
564 4297 718 4383 proxima
747 4301 822 4382 post
851 4293 975 4364 testum
1003 4292 1092 4363 beati
1122 4289 1252 4361 Andree
1281 4289 1437 4378 apostoli.
1503 4319 1504 4322 ¹

750 4458 789 4522 (1.
819 4444 993 4519 decembris).

348 4588 455 4648 Primo
469 4587 577 4648 relicta
587 4585 723 4647 Koscich
741 4600 849 4647 contra
864 4586 994 4646 Iuanam
1009 4583 1113 4664 primo
1123 4583 1216 4644 citata
1230 4602 1294 4644 non
1311 4580 1503 4663 comparuit.

348 4694 425 4755 Item
451 4692 610 4775 Georgius
635 4692 772 4775 Dyanini
805 4705 915 4753 contra
941 4689 1153 4751 Laurencium
1179 4687 1372 4750 frenatorem
1396 4687 1506 4769 primo

243 4801 356 4862 citatus
381 4820 444 4862 non
469 4799 659 4881 comparuit.
