3488 5250
566 350 652 407 Anno
674 344 766 424 1362.
790 380 832 390 —
857 361 905 423 15.
929 346 1102 408 novembris.

356 568 479 640 Tereia
506 568 591 640 feria
618 570 773 656 proxima
801 575 877 656 post
908 567 1030 639 festum
1059 570 1149 639 beati
1176 567 1311 639 Briccii.

692 729 751 796 (15.
787 720 969 796 novembris).

304 876 413 938 Primo
439 877 540 939 Pausa
565 891 675 940 contra
699 878 841 939 Blasium
866 878 971 960 primo
996 878 1109 939 citatus
1140 897 1205 939 non
1230 878 1418 960 comparuit.

305 982 382 1044 Item
408 984 568 1045 Henricus
599 983 731 1065 pellifex
763 997 872 1045 contra
905 983 1121 1066 Dampianum
1154 984 1194 1044 ad
1226 998 1298 1045 octo
1323 983 1391 1045 dies
1415 1003 1462 1045 re·

199 1089 282 1170 cepit
305 1091 480 1151 terminum
505 1090 545 1151 ad
571 1090 841 1172 respondendum.

304 1195 381 1257 Item
410 1196 602 1258 Benedictus
625 1197 754 1279 seIIipar
777 1209 886 1258 contra
913 1196 1000 1278 Span
1019 1196 1125 1278 primo
1149 1196 1261 1257 citatus
1284 1215 1349 1257 non
1375 1215 1462 1257 com·

198 1301 312 1383 paruit.

303 1407 382 1468 Item
408 1408 551 1469 Baboieb
569 1421 678 1469 contra
702 1407 881 1470 Johannem
899 1407 1068 1469 Laurencii
1089 1407 1130 1468 ad
1155 1420 1228 1468 octo
1253 1406 1321 1468 dies
1344 1407 1464 1488 recepit

198 1512 371 1574 terminum
397 1513 437 1574 ad
462 1512 734 1596 respondendum.

303 1619 382 1680 Item
407 1619 516 1682 Jurich
539 1633 628 1681 sutor
644 1633 752 1681 contra
770 1620 913 1681 Baboieb
930 1620 1035 1700 prImo
1052 1619 1164 1681 citatus
1182 1638 1246 1680 non
1272 1619 1461 1700 comparuit.

303 1724 575 1807 Item'Ba(bo)ieb
600 1740 710 1787 contra
734 1724 877 1787 Franche
901 1726 939 1786 ad
965 1739 1038 1786 octo
1063 1725 1131 1786 dies
1155 1725 1274 1807 recepit
1290 1725 1463 1786 termInum

198 1828 238 1890 ad
262 1831 535 1912 respondendum.

305 1937 383 1998 Item
409 1958 511 2019 usque
536 1938 715 2019 quindenas
739 1938 816 1999 Wlk
838 1937 1075 1998 molendinatot
1098 1951 1225 2000 tenetur
1249 1938 1323 1999 dare
1348 1938 1464 2019 Mykus

200 2039 267 2102 filio
293 2043 422 2104 Martini
447 2045 504 2105 XL
530 2044 665 2106 cubulos
688 2044 727 2104 de
751 2043 838 2105 vino.

302 2148 382 2210 Item
408 2150 453 2212 St.
479 2163 510 2212 et
534 2152 610 2211 Iuan
635 2151 756 2232 boynik
779 2162 874 2211 testes
903 2169 959 2230 per
989 2150 1159 2211 Iuaninum
1192 2164 1302 2210 contra
1326 2149 1462 2230 Mykech

198 2253 346 2334 producti
364 2255 470 2317 taliter
489 2255 706 2334 testificatum,
730 2255 818 2337 quod
843 2255 883 2316 ad
900 2254 1045 2318 auditum
1056 2255 1199 2336 ipsorum
1223 2255 1308 2316 idem
1327 2254 1463 2337 Mykech

198 2358 304 2439 ipsum
329 2360 499 2423 Iuaninum
523 2361 721 2443 proditorem
739 2375 770 2422 et
793 2362 953 2442 hospitem
970 2358 1077 2422 furum
1091 2375 1305 2442 provocasset,
1323 2374 1353 2422 et
1369 2359 1464 2422 huius

199 2483 292 2526 cause
317 2465 457 2528 dicussio
483 2481 529 2528 est
553 2468 593 2527 ad
618 2468 757 2550 primum
781 2467 937 2529 iudicium
965 2480 1145 2549 prorogata.

304 2572 382 2634 Item
409 2573 603 2635 deliberacio
637 2592 729 2634 cause
763 2573 887 2635 Nicolai
921 2572 1134 2634 Zrebetnicha
1159 2585 1190 2633 et
1221 2572 1394 2634 Benedicte
1417 2587 1464 2634 est

198 2676 239 2736 ad
262 2678 404 2758 prImum
429 2678 584 2740 iudicium
609 2693 788 2759 prorogata.

305 2784 383 2846 Item
420 2785 617 2848 Laureucius
647 2784 786 2847 Vardich
826 2801 935 2847 contra
971 2786 1181 2848 Benedictum
1216 2786 1321 2868 primo
1353 2786 1464 2848 citatus

200 2908 264 2950 non
290 2891 479 2972 comparuit.

305 2995 383 3056 Item
409 2995 539 3078 Mathey
563 2997 602 3058 de
634 2994 804 3058 Gradchan
836 3016 938 3078 usque
970 2996 1150 3078 quindenas
1181 3011 1308 3059 tenetur
1340 2997 1464 3058 solvere

200 3099 308 3162 Paulis
331 3101 429 3183 judici
455 3102 507 3163 IIII
532 3122 647 3185 pensas
670 3116 701 3163 et
716 3104 744 3163 X
762 3103 921 3181 denarios,
945 3104 1062 3185 quibus
1078 3104 1138 3165 sibi
1163 3123 1237 3164 eum
1264 3104 1352 3164 idem
1368 3103 1464 3184 judex

199 3205 380 3287 juramento
405 3209 568 3270 mediante
592 3210 691 3270 teneri
717 3209 957 3290 comprobavit;
982 3222 1012 3270 et
1036 3210 1111 3291 quia
1134 3210 1234 3271 tercio
1259 3211 1373 3271 citatus
1398 3230 1463 3271 non

198 3314 387 3395 comparuit,
412 3314 485 3376 ideo
510 3315 542 3376 in
567 3314 687 3396 judicio
711 3329 861 3377 consveto
886 3305 1047 3377 remansit.

305 3421 384 3481 Item
409 3420 528 3482 Paulus
552 3436 641 3482 sutor
665 3435 773 3483 contra
798 3420 940 3483 Cussech
962 3421 1001 3482 ad
1023 3437 1096 3483 octo
1122 3422 1191 3484 dies
1215 3422 1333 3504 recepit
1356 3423 1463 3483 termi-

200 3545 278 3587 num
303 3527 343 3587 ad
368 3526 639 3608 respondendum.

306 3632 382 3693 Item
409 3646 523 3694 octavo
548 3632 599 3693 die
624 3633 740 3715 Mykus
763 3631 848 3694 filius
873 3633 1001 3694 Martini
1033 3648 1142 3695 contra
1175 3633 1318 3695 Matheas
1343 3654 1375 3694 se
1402 3648 1463 3695 ter-

199 3737 267 3799 cius
294 3737 390 3799 debet
416 3738 577 3821 deponere
602 3739 829 3820 juramentum,
859 3738 948 3820 quod
973 3740 1071 3801 boves
1103 3753 1250 3821 potenter
1282 3759 1346 3800 non
1379 3759 1463 3801 rece-

199 3844 292 3926 perit,
316 3864 375 3905 nec
400 3863 534 3905 uxorem
558 3865 647 3906 suam
672 3846 897 3907 verberaverit.

306 3950 384 4011 Item
401 3950 548 4012 Andreas
572 3949 708 4012 faberio
734 3952 926 4013 execucioue
943 3971 1047 4030 cause,
1072 3970 1167 4033 quam
1187 3964 1296 4013 contra
1321 3951 1462 4013 Lucham

199 4053 392 4117 frenatorem
427 4070 458 4117 et
491 4057 665 4118 Martinam
696 4070 837 4118 sutorem
870 4059 1031 4138 movebat,
1064 4058 1138 4138 quia
1172 4057 1353 4119 Demetrius
1376 4059 1465 4119 testis

199 4180 275 4223 suus
299 4181 364 4224 non
390 4162 487 4240 venit,
511 4163 567 4224 sed
591 4163 723 4241 abierat,
746 4164 924 4225 succubuit.

307 4268 385 4329 Item
402 4268 540 4330 Bartuch
565 4282 596 4330 et
611 4268 756 4331 Andreas
770 4270 921 4348 Tecicba‚
941 4283 1036 4331 testes
1052 4289 1108 4351 per
1125 4271 1269 4331 Markam
1294 4269 1464 4331 mulierem

201 4373 360 4455 producti,
384 4376 444 4435 sub
469 4374 675 4456 deposicione
695 4375 896 4456 juramentali
927 4376 1032 4438 taliter
1062 4375 1280 4454 testificatum,
1305 4376 1393 4457 quod
1425 4395 1464 4437 eo

200 4494 345 4562 tempore
370 4481 491 4542 scilicet
508 4480 664 4562 judicatus
680 4481 805 4544 domini
822 4483 906 4544 Petri
921 4482 1049 4563 Ligerii,
1068 4482 1158 4564 quod
1173 4481 1324 4543 videlicet
1340 4482 1463 4560 Mareu,

200 4584 296 4650 frater
318 4587 491 4668 Dampiani
515 4587 632 4649 sutoris
654 4587 781 4648 vitream
802 4587 966 4669 quandam
983 4608 1039 4670 per
1063 4588 1167 4670 ipsum
1191 4589 1232 4649 ad
1255 4586 1464 4650 reficiendum

200 4692 262 4755 sibi
286 4692 394 4755 datam
418 4692 557 4754 Martino
588 4693 712 4775 Reanz
744 4693 948 4775 iupignorare
978 4693 1119 4772 volebat,
1154 4694 1288 4776 ipsaque
1323 4712 1398 4755 eum
1423 4694 1463 4755 ab

201 4796 387 4862 huiusmodi
411 4799 615 4880 obligacione
638 4798 830 4881 prohibebat
852 4798 1033 4884 affirmans.
1054 4800 1154 4883 ipsam
1179 4800 1285 4861 miuus
1309 4800 1390 4862 bene
1407 4818 1465 4881 per
