3488 5250
566 385 765 460 Ann01359.
791 416 830 426 —
855 397 905 444 22.
929 383 1096 442 novembris.
1404 400 1464 463 149

203 491 447 499 ———--—-

310 595 388 656 Item
413 594 571 655 Martinus
594 607 703 655 contra
727 592 895 655 Chernech
919 592 1024 674 primo
1048 592 1161 654 citatus
1184 610 1250 652 non
1276 590 1465 672 comparuit.

310 699 387 761 Item
412 699 584 761 Paladinus
608 713 716 761 contra
742 698 956 760 Laurencium
979 698 1121 759 secundo
1145 698 1258 759 citatus
1288 716 1354 759 nou
1378 716 1465 758 com·

202 805 318 888 paruit.

310 911 388 974 Item
414 912 487 972 Kun
514 925 624 972 contra
648 910 881 972 Lancholotum
907 910 1012 991 primo
1044 910 1157 971 citatus
1187 928 1252 970 non
1276 909 1465 992 comparuit.

309 1017 386 1079 Item
414 1015 523 1078 Gurde
549 1029 658 1078 contra
682 1015 844 1078 Andream
876 1015 1018 1077 secundo
1043 1016 1156 1077 citatus
1186 1036 1250 1077 non
1276 1015 1465 1098 comparuit.

274 1235 369 1311 Nota.
396 1234 483 1306 feria
512 1242 610 1305 sexta
638 1236 899 1324 proximante
932 1234 1053 1305 festum
1081 1235 1172 1305 beati
1201 1233 1386 1305 Clementis.

703 1406 766 1481 (22.
790 1405 968 1481 novembris).

309 1544 417 1606 Primo
443 1543 584 1606 famulus
600 1545 726 1628 Mykus,
742 1544 891 1627 Woyzka
911 1545 1054 1624 nomine,
1071 1559 1185 1607 octavo
1203 1544 1255 1606 die
1278 1557 1388 1607 contra
1405 1543 1466 1606 fra·

203 1665 285 1712 trem
311 1650 386 1711 Jaxe
410 1663 476 1711 met
499 1650 616 1712 tercius
639 1649 742 1731 jurare
766 1649 871 1712 debet.

310 1755 389 1817 Item
413 1776 462 1817 ser
488 1755 637 1838 Gerynus
660 1755 700 1816 de
724 1755 835 1837 Spinal
859 1775 915 1838 per
947 1769 1047 1818 totam
1072 1757 1335 1820 communitatem
1360 1757 1466 1839 requi·

203 1863 292 1941 citur,
325 1863 384 1923 sub
418 1862 621 1943 juramentali
652 1861 858 1943 deposicione
891 1863 1000 1923 omnia
1025 1876 1056 1924 et
1089 1862 1216 1943 singula
1239 1882 1296 1944 per
1319 1862 1467 1924 dominas

202 1968 378 2030 Benicham
402 1980 433 2029 et
457 1981 637 2029 consortem
657 1967 748 2028 Pauli
772 1967 950 2049 vigilatoris
974 1980 1106 2030 atestata
1130 1987 1189 2050 pro
1207 1981 1294 2049 parte
1311 1967 1466 2029 Iohannis

202 2073 345 2136 Barberii
369 2073 451 2135 sicut
476 2073 506 2133 in
531 2073 644 2135 litteris
667 2073 783 2134 nostris
812 2073 870 2155 ipsi
904 2073 1062 2134 concessis
1093 2073 1274 2135 continetur
1298 2072 1465 2134 atestando

202 2178 413 2242 confirmavit.

309 2284 386 2346 Item
413 2305 506 2346 causa
532 2304 594 2365 que
626 2285 758 2346 vertitur
789 2285 872 2347 Inter
905 2284 945 2347 G.
978 2285 1134 2347 Ztaunich
1158 2298 1190 2346 et
1213 2283 1405 2347 Michaelem
1436 2298 1467 2346 et

201 2390 404 2451 Anthonium
427 2390 468 2451 ad
493 2405 566 2453 octo
594 2390 661 2451 dies
685 2390 725 2452 ad
750 2410 861 2473 pacem
885 2406 932 2453 est
954 2405 1136 2472 prorogata.

308 2496 386 2557 Item
411 2497 564 2558 Nicolaus
588 2497 692 2578 Bolog
709 2512 819 2559 contra
843 2497 1007 2558 Andream
1031 2497 1071 2558 de
1100 2497 1212 2579 Spinal
1235 2498 1276 2559 ad
1301 2511 1374 2560 octo
1398 2497 1466 2560 dieo

200 2603 322 2685 recepit
345 2603 519 2665 terminum
542 2603 582 2664 ad
606 2603 877 2685 respondendum.

307 2709 390 2771 Item
415 2729 508 2771 causa
533 2729 596 2790 que
626 2711 759 2771 vertitur
789 2711 870 2771 inter
894 2709 1030 2771 Curram
1062 2723 1092 2770 et
1117 2709 1321 2772 Bartuchium
1347 2731 1404 2795 per
1427 2713 1466 2774 N.

203 2814 305 2877 filium
331 2815 473 2899 Jurizlay
497 2815 537 2876 ad
560 2830 633 2877 octo
659 2816 726 2877 dies
749 2815 789 2877 ad
814 2835 924 2897 pacem
949 2828 996 2876 est
1019 2828 1200 2897 prorogata.

308 2921 385 2982 Item
412 2921 499 2983 Elias
522 2941 637 3003 parvus
661 2935 769 2983 contra
794 2922 899 2983 Vanae
923 2921 1028 3003 primo
1052 2921 1164 2982 citatus
1187 2942 1251 2983 non
1277 2924 1465 3005 comparuit.

309 3027 387 3088 Item
419 3047 512 3089 causa
545 3047 607 3108 que
639 3028 770 3089 vertitur
802 3028 883 3088 inter
915 3027 1095 3088 Iohannem
1127 3025 1318 3089 frenatorem
1351 3042 1382 3090 et
1406 3029 1466 3090 Mi·

202 3132 347 3194 chaelem
371 3146 514 3194 sutorem
538 3133 578 3194 ad
602 3147 675 3195 octo
700 3133 769 3194 dies
791 3132 832 3194 ad
856 3151 968 3214 pacem
993 3146 1039 3193 est
1062 3146 1242 3213 prorogata.

309 3238 387 3299 Item
412 3238 571 3300 Janchech
595 3239 717 3301 Ztrelar
740 3251 849 3300 contra
873 3238 1017 3300 Blasium
1033 3238 1139 3320 primo
1159 3238 1272 3300 citatus
1287 3257 1352 3298 non
1379 3256 1465 3298 com-

202 3344 308 3426 paruit
331 3357 361 3404 et
384 3343 522 3405 Michael
544 3343 629 3406 filius
653 3343 785 3406 Ortholf
806 3344 947 3405 secundo
971 3356 1080 3405 contra
1104 3344 1253 3406 eundem.

311 3449 388 3511 Item
413 3453 507 3510 Anna
531 3450 641 3531 piatrix
665 3464 774 3511 contra
807 3449 982 3532 Symonem
1011 3462 1125 3510 octavo
1157 3448 1209 3511 dIe
1234 3448 1328 3510 debet
1351 3447 1465 3529 jurare.

310 3555 388 3616 Item
413 3554 538 3636 Chegel
562 3570 671 3618 contra
695 3556 787 3617 Jarch
815 3555 921 3636 primo
945 3555 1058 3616 citatus
1081 3575 1147 3616 non
1171 3555 1360 3637 comparuit.

309 3660 388 3721 Item
414 3661 567 3723 Nicolaus
590 3660 675 3723 filius
699 3661 833 3744 Ztoyani
859 3672 969 3722 contra
998 3660 1128 3722 Petrum
1159 3660 1262 3722 filium
1286 3661 1395 3721 Jureni
1419 3681 1466 3721 se-

205 3767 312 3829 cundo
338 3767 450 3829 citatus
473 3787 538 3828 non
562 3768 750 3849 comparuit.

309 3872 387 3933 Item
412 3892 506 3934 causa
531 3892 593 3954 que
617 3874 749 3935 vertitur
773 3873 854 3934 inter
878 3873 1070 3935 Michaelem
1092 3871 1213 3933 dictum
1238 3871 1338 3933 Saffar
1362 3884 1393 3933 et
1415 3871 1466 3933 Ja-

203 3979 321 4039 cobum
348 3978 422 4039 Kun
447 3977 487 4039 ad
512 3978 685 4041 adventum
710 3980 833 4041 domini
858 3979 942 4041 Petri
970 3978 1085 4060 judicis
1109 3991 1156 4040 est
1179 3991 1360 4060 prorogata.

310 4083 388 4144 Item
412 4083 535 4145 Videcb
560 4098 669 4146 contra
701 4085 887 4165 magistrum
912 4084 1087 4146 Martinum
1118 4084 1224 4166 primo
1253 4083 1366 4145 citatus
1400 4101 1466 4145 non

202 4189 394 4270 comparuit.

308 4295 386 4356 Item
413 4293 623 4357 Chernchech
647 4295 801 4357 Zelezche
825 4296 857 4357 in
883 4295 1056 4376 quIndenis
1078 4308 1204 4357 tenetur
1220 4294 1294 4356 dare
1327 4295 1467 4357 Johanni

204 4400 386 4462 Filenthich
411 4414 550 4482 quatuor
573 4421 687 4483 pensas
710 4414 741 4462 et
764 4401 876 4463 decem
901 4401 1059 4463 denarios.

308 4510 384 4571 Item
411 4509 595 4571 Demetrius
618 4509 724 4592 Brayn
749 4523 857 4570 contra
888 4507 987 4570 filiam
1012 4506 1086 4569 God
1118 4508 1224 4591 primo
1255 4507 1369 4569 citatus
1399 4524 1466 4567 non

202 4615 393 4697 comparuit.

309 4721 389 4784 Item
413 4741 506 4784 causa
531 4740 595 4803 que
618 4721 751 4783 vertitur
772 4721 854 4783 inter
878 4720 955 4782 Iuan
980 4718 1119 4781 Plauech
1143 4731 1175 4780 et
1198 4717 1326 4780 fratrem
1350 4717 1467 4779 Valen-

205 4826 265 4887 tini
289 4827 463 4889 aacerdotie
486 4826 527 4888 ad
552 4840 624 4888 octo
649 4826 717 4889 dies
740 4846 797 4909 per
811 4839 907 4888 testea
930 4825 970 4887 ad
992 4843 1105 4908 pacem
1128 4837 1174 4886 eat
1198 4835 1378 4905 prorogata.
