3488 5250
627 340 713 396 Anno
735 350 823 414 1355.
848 371 888 381 —-
908 352 942 414 3.
959 340 1043 414 julri.
1431 355 1484 427 27·

255 569 351 644 Feria
380 582 478 646 sexta
507 576 659 662 proxima
688 584 767 664 post
794 576 916 646 festum
944 576 1119 647 beatorum
1147 575 1238 647 Petri
1267 584 1301 646 et
1328 574 1424 646 Pauli

725 700 965 789 apostolorum.

761 854 805 930 (3.
822 852 925 929 julii).

318 991 395 1053 Item
420 992 517 1052 Iunas
540 992 669 1054 sellator
693 1005 803 1054 contra
826 992 997 1053 Nicolaum
1016 991 1139 1054 Cordar
1156 991 1261 1073 primo
1286 990 1398 1052 citatus
1410 1009 1476 1052 non

213 1097 401 1179 comparuit.

319 1204 396 1264 Item
421 1223 592 1284 causaque
609 1204 742 1265 vertitur
765 1204 846 1265 inter
864 1203 1033 1265 dominum
1051 1201 1188 1281 Mikech,
1201 1201 1305 1263 filium
1322 1200 1477 1280 Franche,

213 1322 244 1370 et
268 1309 406 1386 Mikech,
431 1308 533 1370 filium
559 1310 698 1387 Martini,
724 1329 825 1391 usque
847 1309 933 1371 diem
958 1323 1107 1371 octavum
1139 1308 1179 1369 de
1212 1308 1298 1390 pacis
1321 1307 1476 1369 uni0nem

212 1414 251 1475 ad
276 1415 471 1497 peticionem
496 1415 670 1496 proborum
695 1415 837 1477 virorum
862 1415 963 1476 extitit
987 1428 1168 1496 prorogata.

319 1521 396 1583 Item
420 1520 505 1582 filius
529 1522 610 1583 Ratk
636 1535 667 1583 et
691 1520 907 1604 Kopunouich
929 1519 981 1582 die
1003 1534 1117 1582 octavo
1142 1521 1260 1582 debent
1283 1519 1476 1601 respondere

215 1641 324 1688 contra
349 1626 476 1688 Mikech
501 1626 638 1689 condam
663 1627 814 1708 judicem.

321 1732 397 1794 Item
424 1733 532 1793 Petres
556 1746 663 1794 contra
690 1734 853 1795 Thomam
885 1733 1028 1795 secundo
1060 1733 1174 1794 citatus
1198 1752 1263 1793 non
1288 1730 1476 1812 comparuit.

319 1838 396 1900 Item
422 1839 539 1916 Petres,
564 1838 713 1918 Munech,
737 1837 778 1900 G.
802 1853 833 1900 et
865 1838 1026 1901 Johannes
1057 1851 1166 1899 contra
1190 1838 1234 1898 M.
1267 1836 1404 1899 condam
1429 1835 1476 1917 ju-

213 1943 319 2005 dicem
342 1944 485 2005 secundo
509 1943 595 2006 citati
620 1964 684 2006 non
710 1958 967 2027 comparuerunt.

320 2049 397 2110 Item
421 2049 567 2110 Andreas
591 2048 679 2111 faber
695 2049 748 2112 die
774 2063 887 2112 octavo
904 2051 999 2112 debet
1015 2051 1139 2112 solvere
1158 2049 1296 2111 Martino
1319 2046 1387 2109 filio
1410 2051 1477 2108 An·

214 2153 316 2216 thonii
340 2154 422 2216 duos
446 2154 593 2219 florenos.

321 2260 398 2323 Item
431 2262 538 2323 Petres
570 2281 643 2323 cum
675 2261 856 2345 supradicta
886 2263 1036 2325 societate
1068 2282 1125 2324 sua
1158 2275 1266 2323 contra
1300 2260 1477 2321 Henricum

215 2366 357 2428 secundo
381 2367 467 2428 citati
491 2386 557 2428 non
588 2382 836 2450 comparuerunt
858 2382 889 2431 et
912 2383 1022 2431 contra
1046 2367 1160 2430 Vanse.

321 2473 398 2534 Item
422 2472 560 2551 Mikech,
584 2472 669 2535 filius
694 2475 834 2554 Martini,
859 2475 911 2537 die
937 2489 1051 2536 octavo
1080 2474 1175 2536 debet
1199 2472 1347 2534 exhibere
1371 2471 1478 2533 literas

216 2578 429 2661 expeditorias
454 2593 630 2641 conventus
654 2581 753 2642 sancti
784 2581 909 2643 Nicolai
942 2580 1077 2643 domino
1101 2581 1198 2663 priori
1230 2598 1325 2660 super
1356 2577 1477 2656 debito,

217 2703 282 2765 quo
307 2684 393 2746 idem
418 2685 460 2747 M.
486 2698 611 2746 tenetur
634 2685 726 2747 dictis
738 2686 836 2768 priori
854 2701 885 2748 et
901 2688 1072 2748 conventui
1089 2701 1185 2769 prout
1201 2687 1231 2747 in
1257 2685 1355 2746 literis
1371 2697 1477 2746 nostre

217 2791 455 2852 communitatis
478 2792 669 2855 continetur.

322 2897 398 2959 Item
425 2897 590 2975 Martinus,
620 2896 705 2959 filius
737 2898 905 2978 Anthonii,
936 2899 988 2960 die
1013 2914 1126 2960 octavo
1158 2898 1253 2959 debet
1284 2896 1477 2979 respondere

215 3016 325 3064 contra
349 3004 513 3065 Martonos
537 3018 678 3066 sutorem
710 3018 741 3066 et
764 3019 873 3066 contra
898 3004 1087 3066 Michaelem
1113 3003 1250 3066 fabrum.

322 3107 399 3170 Item
426 3109 546 3187 Petrus,
570 3108 654 3171 filius
678 3111 845 3190 Valterini‚
878 3126 987 3172 contra
1020 3111 1189 3172 dominum
1213 3109 1351 3187 Mikech,
1375 3107 1477 3169 filium

216 3213 358 3276 Franche
383 3228 413 3276 et
441 3190 603 3294 Nicolaus‚
635 3214 729 3277 frater
760 3217 904 3279 eiusdem
928 3217 1024 3295 Petri,
1055 3217 1160 3299 primo
1185 3216 1270 3278 citati
1302 3234 1366 3276 non
1391 3233 1478 3275 corn·

216 3336 400 3402 paruerunt,
425 3336 456 3383 et
479 3322 591 3383 Petrus
614 3322 666 3384 die
690 3335 804 3385 octavo
828 3323 924 3385 debet
947 3324 1150 3406 respondere.

322 3427 397 3489 Item
423 3428 587 3489 Martonos
610 3429 740 3491 sellator
772 3430 822 3490 die
846 3442 960 3491 octavo
992 3429 1086 3491 debet
1116 3431 1252 3512 probare
1276 3448 1349 3490 curn
1375 3429 1476 3490 Paulo

216 3530 309 3595 fabro
333 3554 427 3616 super
451 3554 501 3613 e0,
525 3534 614 3616 quod
638 3536 704 3617 ipse
740 3535 819 3597 dixit
850 3536 989 3597 eundem
1013 3537 1157 3618 posuisse
1191 3537 1221 3597 ln
1247 3538 1378 3598 katerno
1404 3555 1477 3597 eum

215 3637 384 3720 injudicio
408 3640 536 3722 triginta
561 3660 740 3702 marcarum
757 3655 867 3704 contra
885 3643 1055 3704 Nicolaum
1073 3643 1207 3721 Cordus,
1226 3657 1256 3704 et
1280 3642 1366 3703 idem
1383 3640 1478 3703 debet

215 3742 318 3824 jurare
343 3747 526 3808 mettercius
548 3761 658 3808 contra
682 3747 797 3810 eudem
823 3749 867 3810 M.
891 3768 985 3830 super
1008 3749 1177 3830 vituperio.

320 3853 397 3913 Item
423 3853 646 3914 determinavit
669 3855 883 3916 communitas
908 3853 1046 3933 Andree,
1071 3874 1137 3936 quo
1160 3855 1321 3915 Marketus
1344 3852 1405 3913 sibi
1429 3864 1475 3913 te·

217 3972 308 4020 netur
321 3959 469 4020 videlicet
483 3960 509 4020 V
523 3958 660 4021 florenos
678 3975 711 4021 ut
730 3961 856 4022 vineam
873 3980 964 4022 suam
982 3961 1063 4021 circa
1076 3961 1201 4022 vineam
1216 3959 1325 4021 Jacobi
1340 3957 1477 4020 condam
1554 4042 1556 4046 .

215 4063 329 4146 judicis
353 4064 535 4127 vendicioni
569 4085 727 4148 exponere
753 4066 868 4128 habeat
891 4065 1085 4128 facultatem.

322 4172 400 4232 Item
424 4172 535 4233 Petrus
558 4173 654 4233 Zolar
678 4172 729 4234 die
754 4173 962 4254 quindecImo
991 4173 1087 4235 debet
1116 4173 1336 4234 testImonium
1359 4173 1478 4254 produ-

218 4295 287 4337 cere
312 4291 422 4338 contra
447 4278 617 4339 Nicolaum
635 4278 788 4360 pistorem
813 4298 886 4340 cum
902 4279 987 4340 Iwan
1004 4277 1099 4339 fratre
1116 4278 1242 4340 Crisani
1267 4292 1298 4340 et
1315 4276 1478 4360 Stephano

217 4401 312 4464 super
337 4381 420 4444 facto
444 4384 666 4465 percussionis.

324 4489 401 4550 Item
425 4490 533 4550 relicta
559 4490 709 4551 Jurlronis
734 4503 843 4552 contra
868 4491 974 4552 Eliam
999 4491 1136 4552 Judeum
1161 4490 1265 4573 primo
1296 4491 1389 4552 citata
1412 4510 1477 4551 non

218 4595 407 4676 comparuit.

322 4700 401 4763 Item
424 4701 577 4763 Anchech
601 4700 760 4763 auriIaber
784 4702 879 4764 debet
894 4703 1115 4764 testimonium
1131 4702 1308 4785 producere
1332 4721 1405 4764 cum
1422 4702 1479 4762 Ni·

218 4806 309 4868 colao
334 4806 401 4869 filio
426 4808 530 4889 Bolog
555 4821 585 4869 et
609 4809 718 4870 Petres
734 4806 880 4870 carnifice
904 4828 1066 4892 supereo,
1085 4809 1173 4891 quod
1197 4829 1247 4870 res
1270 4828 1333 4891 que
1350 4807 1479 4870 fuerunt
