3488 5250
608 334 696 392 Anno
717 328 809 409 1356.
833 366 876 376 -
899 328 949 392 16.
972 333 1131 392 decembris.

345 541 424 604 Item
448 541 600 604 dominus
624 543 780 604 Martiaus
804 544 929 626 Reanz
944 557 1059 604 octavo
1083 542 1135 604 die
1158 555 1224 604 met
1238 544 1355 605 tercius
1379 556 1506 606 tenetur

238 647 400 729 deponere
424 646 638 726 juramentum
663 667 757 730 super
782 667 833 725 eo,
856 648 945 730 quod
969 667 1048 709 uxor
1080 645 1236 710 Demetrii
1261 648 1337 710 dicti
1362 648 1402 710 de
1426 648 1503 710 Poe·

237 772 324 834 aega,
358 753 467 815 relicta
504 752 654 831 condam,
690 753 749 835 ipsi
782 753 947 815 Demetrio
978 767 1092 835 sponte
1121 767 1326 816 consenserat
1360 754 1504 836 obligare

238 858 372 921 domum
398 859 522 942 Reyniz
540 860 678 921 MartIno
694 859 857 941 predicto;
881 872 953 940 post
969 860 1059 921 cuius
1075 859 1245 940 juramenti
1261 859 1503 942 deposicionem

238 963 320 1028 infra
342 965 401 1026 XV
426 965 495 1027 dies
519 965 586 1046 ipsa
622 984 754 1027 consors
779 966 931 1026 Demetrii
964 966 1176 1047 quantitatem
1200 966 1299 1029 debiti
1325 967 1357 1029 ia
1388 968 1503 1031 litteris

238 1071 376 1152 expressi
402 1070 489 1132 dicto
514 1070 653 1132 Martino
675 1070 799 1132 solvere
822 1071 954 1149 tenebit,
978 1071 1033 1153 qui
1057 1071 1173 1133 sinon
1197 1072 1368 1153 persolvet,
1385 1086 1501 1136 extunc

238 1176 305 1258 Ipse
330 1177 488 1238 Martiaus
512 1176 629 1238 dictam
654 1175 789 1238 domum
816 1176 977 1239 vendendi
1001 1176 1133 1239 habebit
1156 1175 1352 1240 facultatem.

344 1298 422 1360 Item
448 1300 524 1381 quia
549 1298 708 1381 Georgius
732 1297 891 1363 aurifaber
908 1300 1087 1362 Franeham
1111 1301 1144 1361 fn
1168 1299 1269 1383 figura
1292 1299 1403 1382 judicii
1420 1301 1503 1363 vitu·

238 1405 370 1487 paravit,
395 1406 560 1467 convictus
591 1419 638 1467 eat
668 1407 701 1467 in
733 1406 853 1488 judicio
879 1406 932 1467 IIII
964 1425 1143 1468 marcarum
1169 1425 1228 1488 pro
1258 1421 1347 1488 parte
1369 1407 1502 1469 adversa

238 1524 269 1572 et
291 1511 324 1572 in
349 1512 359 1571 I
385 1530 443 1592 pro
467 1510 591 1591 judice3
608 1526 722 1574 octavo
746 1526 852 1574 autem
876 1511 929 1574 die
954 1527 1019 1574 met
1046 1512 1200 1594 septimus
1223 1526 1334 1574 contra
1358 1512 1499 1574 eundem

238 1615 418 1697 juramento
444 1616 605 1678 mediante
630 1636 663 1678 se
688 1636 862 1699 expurgare
886 1617 1027 1680 debebit.

175 1819 177 1826 .
343 1740 422 1801 Item
447 1753 561 1801 octavo
586 1741 638 1801 die
670 1740 819 1823 quitquid
844 1742 882 1805 N.
915 1740 1000 1802 filius
1023 1741 1127 1822 Bolog
1156 1760 1247 1802 suam
1272 1740 1312 1802 ad
1336 1739 1501 1802 conscien-

238 1845 320 1907 ciam
344 1846 376 1906 in
401 1845 510 1907 valore
535 1846 672 1907 duorum
697 1865 880 1929 porcorum,
904 1865 986 1928 quos
1009 1846 1153 1908 Francha
1178 1845 1346 1924 interfecit,
1370 1845 1503 1927 recipiet

238 1952 304 2034 ipse
329 1951 472 2013 Francha
494 1964 617 2013 tantam
641 1952 852 2032 quantitatem
875 1951 997 2033 (quam)
1029 1952 1152 2014 solvere
1177 1951 1317 2014 debebit.

344 2076 423 2136 Item
440 2095 533 2136 causa
551 2094 613 2155 que
631 2075 763 2136 vertitur
779 2075 861 2136 inter
877 2075 1020 2136 Blasium
1036 2074 1264 2137 stacionarium
1289 2089 1319 2136 et
1344 2072 1499 2136 Mathiam

238 2181 278 2243 ad
302 2181 442 2265 prImum
468 2179 622 2261 judicium
648 2193 695 2242 est
717 2194 898 2263 prorogata.

238 2416 333 2503 Nota,
363 2418 450 2507 quod
470 2417 555 2487 feria
574 2425 672 2488 sexta
691 2418 845 2506 proxima
871 2425 948 2506 post
967 2417 1089 2487 festum
1108 2418 1204 2487 beate
1232 2415 1329 2489 Lucre
1347 2417 1500 2504 virginis.

736 2567 800 2644 (16.
828 2569 1001 2643 decembris).

294 2721 301 2734 ’
343 2728 451 2788 Primo
477 2725 588 2788 Obrad
611 2741 720 2788 contra
737 2726 916 2789 Johannem
934 2726 1093 2789 Vidonich
1116 2726 1221 2808 primo
1237 2725 1357 2806 judicio
1374 2738 1500 2787 tenetur

237 2833 476 2916 perhemptorie
499 2833 703 2914 respondere.

344 2939 423 3001 Item
447 2940 486 3002 N.
511 2919 636 3001 Cordar
658 2953 768 3000 contra
793 2939 965 3000 Martinum
982 2938 1150 3021 Wlkouoy
1173 2939 1278 3020 prImo
1302 2937 1416 3001 citatus
1431 2956 1498 2999 non

239 3044 428 3126 comparuit.

343 3149 421 3212 Item
447 3149 634 3212 Hermanko
658 3148 797 3211 carnifex
822 3163 931 3212 contra
957 3151 1101 3212 Marcum
1124 3148 1227 3210 filium
1251 3149 1369 3211 Donati
1393 3149 1499 3231 priato

238 3257 351 3318 citatus
375 3246 441 3317 non
467 3257 656 3338 comparuit.

345 3363 423 3423 Item
448 3382 528 3423 uxor
561 3363 637 3423 lake
670 3362 855 3423 Ioculatoris
886 3375 995 3422 contra
1021 3359 1059 3422 G.
1092 3361 1247 3423 Ztaunich
1278 3361 1383 3443 prImo
1407 3361 1500 3423 citata

238 3488 302 3530 non
332 3468 520 3549 comparuit.

344 3574 422 3635 Item
447 3572 542 3635 Iuech
566 3573 651 3635 filius
675 3573 816 3634 Farkasii
848 3587 957 3634 contra
983 3573 1118 3634 Peterko
1144 3586 1284 3634 sutorem
1322 3573 1427 3655 prImo
1451 3572 1499 3654 ju-

239 3679 323 3741 dicio
347 3694 473 3740 tenetur
497 3678 733 3760 perhemptorie
757 3678 960 3759 respondere.

345 3803 422 3864 Item
448 3804 604 3864 MartInus
628 3803 748 3884 juratus
773 3822 874 3883 usque
902 3803 1144 3884 quIndecimum
1177 3803 1263 3865 diem
1287 3816 1413 3864 tenetur
1436 3804 1498 3866 sol-

238 3930 312 3971 vere
341 3910 477 3970 Petreno
501 3909 554 3970 IIII
579 3930 693 3991 pensas
717 3929 789 3970 cum
829 3909 933 3970 media
957 3910 1174 3987 denariorum,
1198 3928 1256 3990 pro
1280 3909 1398 3990 quibus
1420 3907 1498 3972 fide·

238 4015 342 4087 iubuit
365 4034 423 4096 pro
448 4015 541 4075 Petro
565 4014 632 4076 filio
657 4015 795 4076 Martini.

347 4120 424 4181 Item
448 4121 609 4181 Iohannes
634 4120 742 4183 Ordus
771 4121 874 4202 primo
899 4120 1019 4201 judicio
1052 4119 1199 4182 faciendo
1223 4135 1333 4183 contra
1359 4122 1499 4183 Lauren·

239 4227 323 4288 cium
348 4225 487 4286 Vardich
511 4246 606 4308 super
630 4228 795 4308 vituperiis
818 4240 944 4288 tenetur
967 4228 1185 4289 testImonium
1209 4227 1398 4309 producere.

345 4349 422 4409 Item
448 4368 541 4410 causa
566 4369 629 4430 que
652 4351 784 4411 vertitur
808 4350 889 4411 inter
921 4349 961 4411 G.
986 4351 1066 4411 Zuik
1100 4364 1131 4412 et
1155 4352 1222 4412 Kus
1246 4350 1427 4412 carnificem
1451 4364 1499 4412 est

239 4467 410 4535 prorogata
435 4455 474 4515 ad
499 4455 692 4517 relacionem
716 4454 896 4516 faciendam
924 4455 1066 4517 Kussech
1091 4471 1122 4518 et
1150 4457 1304 4518 Iohannis
1330 4457 1499 4519 laurencii

238 4558 424 4641 juratorum.

344 4665 422 4727 Item
446 4667 552 4748 prImo
575 4665 695 4747 judicio
720 4667 819 4728 Piuka
844 4681 953 4729 contra
981 4669 1150 4731 Marenum
1172 4669 1353 4732 carnificem
1377 4689 1436 4752 per
1458 4671 1499 4732 N.

239 4772 381 4855 Iurizlay
405 4787 435 4834 et
460 4773 505 4835 St.
529 4771 632 4834 filium
656 4773 768 4835 Kuche
785 4792 880 4855 super
904 4774 1043 4855 quadam
1067 4774 1160 4857 alapa
1171 4789 1297 4837 tenetur
1313 4788 1500 4858 protestare.
