3488 5250
625 336 711 392 Anno
734 332 825 411 1356.
849 368 892 378 —
909 350 963 412 31.
988 337 1069 396 mari.
1432 357 1477 418 49

319 541 398 605 Item
423 563 515 604 causa
541 563 603 624 que
627 543 759 605 vertitur
783 544 864 607 inter
889 546 932 609 M.
956 544 1060 607 filium
1084 547 1120 608 L.
1139 559 1170 609 et
1186 547 1230 609 M.
1254 546 1296 608 ad
1320 561 1393 608 octo
1410 547 1477 609 dies

213 665 259 714 est
283 665 464 732 prorogata.

317 757 395 818 Item
413 757 439 818 J.
457 755 595 818 Kuroldi
611 771 719 817 contra
737 755 928 818 Paladinum
944 757 1049 838 prImo
1067 758 1179 819 citatus
1197 777 1262 818 non
1287 760 1477 840 comparuit.

317 860 395 924 Item
420 863 583 924 Marketus
606 875 720 924 octavo
745 861 797 923 die
813 875 938 923 tenetur
955 876 1020 925 met
1036 863 1191 945 septImus
1214 862 1376 944 deponere
1393 863 1478 945 jura·

213 982 358 1029 mentum
385 982 494 1029 contra
518 967 726 1029 Valentinum
755 968 795 1028 de
819 968 948 1030 Iuanch.

318 1071 395 1135 Item
421 1074 495 1135 licet
526 1073 570 1135 St.
606 1071 702 1136 frater
738 1074 901 1135 Lourandi
938 1089 1003 1136 erat
1038 1088 1174 1137 etractus
1198 1075 1230 1136 In
1255 1095 1384 1137 causam
1419 1096 1479 1158 per

214 1180 405 1241 Merclinum
433 1179 572 1260 juratum
597 1193 628 1241 et
651 1179 843 1241 Michaelem
866 1179 991 1242 fabrum
1014 1200 1070 1262 pro
1095 1180 1238 1262 quodam
1262 1194 1344 1261 orto,
1368 1195 1475 1245 tameo

213 1285 288 1366 quia
313 1285 378 1367 ipse
405 1284 450 1346 St.
475 1285 620 1346 exhibuit
643 1305 738 1367 super
761 1286 866 1366 ipsum
889 1285 958 1366 jura
982 1285 1181 1368 privilegiata
1207 1299 1237 1348 et
1253 1287 1312 1368 ipsi
1337 1306 1402 1348 non
1419 1307 1476 1369 po-

212 1403 332 1468 terant,
357 1390 430 1452 ideo
456 1390 561 1451 eidem
587 1391 726 1452 eundem
750 1404 855 1453 ortum
888 1391 1114 1454 confirmamus
1137 1393 1313 1473 possidere,
1336 1393 1412 1475 ipsis
1435 1393 1477 1454 si·

213 1496 353 1558 lencium
380 1496 589 1577 imponendo.

318 1600 394 1664 Item
419 1602 517 1663 vicini
540 1602 670 1664 Andree
695 1600 863 1664 frenatoris
879 1603 1025 1665 similiter
1049 1604 1153 1685 ipsum
1170 1604 1333 1665 Andream
1358 1616 1478 1665 atraxe-

214 1721 283 1768 rant
308 1707 340 1768 In
366 1726 493 1769 causam
517 1707 663 1769 similiter
687 1709 815 1770 racione
840 1708 911 1785 orti,
936 1709 988 1770 cui
1012 1708 1158 1771 similiter
1181 1708 1476 1771 determinavimus.

320 1812 396 1873 Item
410 1813 436 1874 J.
460 1811 544 1874 filius
561 1813 731 1876 Laurencii
748 1815 873 1876 evocari
894 1812 1012 1875 fecerat
1028 1814 1148 1875 litteras
1171 1828 1236 1876 tam
1260 1833 1361 1876 novas
1377 1833 1476 1895 quam

213 1922 361 2000 antiquas
385 1917 513 1980 Gordos
536 1919 714 2000 presbiteri,
739 1939 818 2000 quas
842 1920 882 1982 ad
911 1920 1069 1981 iusticiam
1094 1940 1158 1982 non
1182 1920 1300 1999 statuit,
1327 1934 1357 1981 et
1381 1920 1406 1980 si
1423 1939 1477 1981 oc·

213 2037 286 2084 tavo
310 2023 362 2085 die
380 2043 445 2086 non
470 2037 595 2102 statuet,
620 2039 735 2086 extunc
759 2045 832 2087 cum
856 2025 976 2106 judicio
1000 2039 1136 2088 statuere
1160 2026 1365 2088 terrebuntur.

320 2128 397 2189 Item
422 2128 686 2191 adiudicaverunt
709 2130 802 2210 jurati
826 2144 862 2192 ut
885 2131 960 2212 quia
986 2132 1148 2192 Marketus
1174 2143 1283 2191 contra
1307 2130 1477 2191 dominum

214 2235 343 2295 Petrum
366 2233 506 2314 judicem
530 2249 674 2296 nostrum
698 2237 794 2297 verba
830 2237 973 2298 indebita
1006 2250 1037 2298 et
1060 2237 1177 2298 Iniusta
1208 2255 1267 2297 nec
1291 2235 1377 2297 licita
1401 2255 1474 2317 pro-

213 2339 296 2415 tulit,
320 2340 393 2400 ideo
416 2359 517 2421 usque
542 2353 669 2402 octavas
692 2354 818 2403 tenetur
853 2341 950 2423 judici
983 2342 1183 2404 voluntatem
1215 2342 1370 2421 invenire,
1395 2355 1425 2402 et
1448 2342 1473 2402 si

214 2464 279 2505 non
304 2445 455 2522 inveniet,
479 2459 555 2506 tunc
578 2445 736 2526 justiciam
762 2447 800 2507 de
824 2447 938 2510 eodem
963 2447 1080 2509 facient
1103 2447 1290 2529 plenariam.

319 2548 395 2611 Item
431 2551 695 2612 adiudicaverunt
730 2552 841 2633 jurati,
878 2567 911 2614 ut
946 2554 1021 2635 quia
1046 2554 1197 2615 Nicolaus
1228 2551 1406 2630 aurifaber,
1431 2551 1472 2615 G.

215 2656 306 2717 eiecit
330 2656 369 2717 de
394 2657 546 2735 stacione,
570 2676 642 2718 cum
669 2677 734 2719 uno
758 2657 878 2738 judicio
911 2659 1004 2720 eiecit
1026 2672 1056 2720 et
1080 2679 1153 2720 cum
1178 2659 1241 2720 alio
1274 2658 1475 2720 Intromittet.

320 2762 360 2822 Et
384 2763 422 2823 N.
454 2763 555 2843 ipsam
584 2782 712 2824 causam
743 2783 809 2824 non
834 2779 1000 2846 acceptans
1032 2765 1217 2846 prorogavit
1246 2762 1285 2825 ad
1310 2777 1383 2824 octo
1406 2762 1476 2824 dies

215 2867 254 2927 ad
283 2868 433 2950 antiquos
457 2868 586 2948 judices.

319 2970 397 3034 Item
422 2974 533 3034 Kurko
557 2988 666 3035 contra
692 2975 836 3036 Marcum
860 2974 962 3037 filium
987 2976 1105 3037 Donati
1138 2976 1242 3057 prImo
1268 2975 1381 3036 citatus
1413 2993 1478 3036 non

215 3080 402 3159 comparuit.

319 3182 396 3246 Item
424 3206 516 3247 causa
542 3206 604 3267 que
636 3186 768 3247 vertitur
800 3187 880 3247 iuter
912 3187 1022 3248 Maren
1051 3199 1082 3247 et
1106 3185 1250 3247 Lucham
1282 3199 1328 3246 est
1351 3198 1479 3266 recepta

215 3289 254 3349 ad
279 3310 401 3370 pacem.

320 3393 396 3457 Item
421 3412 516 3459 testes
540 3397 728 3459 Lancheloti
745 3399 804 3459 sub
825 3416 907 3478 pena
925 3397 1068 3478 quinque
1090 3416 1268 3459 marcarum
1294 3410 1409 3457 octavo
1426 3396 1479 3457 die

214 3481 340 3563 debent*
356 3522 554 3584 comparere.

214 3739 308 3815 Noto.
338 3739 424 3827 quod
453 3740 538 3810 teria
566 3743 673 3811 tercia
692 3742 847 3828 proxima
866 3752 943 3811 ante
962 3741 1084 3810 testum
1106 3738 1318 3810 ascensionis
1339 3739 1476 3808 dommi.

759 3876 819 3951 (31.
843 3877 935 3943 anari).

321 4030 428 4091 Primo
454 4051 547 4092 causa
572 4050 634 4112 que
661 4031 793 4092 vertitur
811 4032 892 4092 inter
908 4031 1041 4091 Iuanum
1069 4030 1108 4090 de
1126 4029 1244 4090 Iuanch
1268 4041 1304 4090 ut
1328 4043 1479 4107 actorem,

215 4150 245 4195 et
270 4136 395 4197 Cristan
429 4135 640 4197 habitatorem
672 4149 817 4197 nostrum
851 4137 978 4197 racione
1011 4137 1107 4197 unIus
1138 4135 1229 4196 bovis
1253 4148 1283 4195 et
1307 4154 1402 4195 vacce
1433 4148 1479 4194 est

215 4256 384 4322 prorogata
409 4242 447 4303 ad
472 4243 531 4303 XV
556 4242 624 4303 dies
649 4243 701 4319 ita,
733 4243 821 4323 quod
855 4242 921 4323 ipse
946 4242 1072 4303 Cristan
1104 4254 1230 4302 tenetur
1253 4240 1473 4302 testimonium

215 4349 391 4428 producere
417 4349 455 4409 de
481 4350 612 4410 Petouia
627 4348 854 4410 racionabilius
878 4348 965 4428 quod
983 4349 1109 4429 poterit,
1134 4347 1174 4408 ad
1199 4346 1416 4408 excusandum
1433 4366 1477 4408 se.

321 4454 397 4515 Item
436 4455 585 4516 Caterina
615 4474 746 4515 consors
776 4454 898 4514 Alberti
932 4453 1059 4514 litterati
1092 4467 1216 4513 tenetur
1250 4452 1471 4513 testimonium

215 4559 390 4640 producere
409 4574 517 4621 contra
538 4579 669 4621 uxorem
689 4560 796 4622 Petres
813 4559 967 4639 IorIpcdis
982 4578 1038 4639 per
1055 4558 1198 4619 relictam
1212 4558 1323 4619 Jacobi
1341 4557 1478 4618 condam

217 4665 339 4745 judicis,
372 4671 499 4726 Annam
529 4666 773 4727 tabernatricem
805 4679 835 4725 et
865 4684 997 4725 uxorem
1030 4662 1105 4726 Iuan
1139 4663 1303 4745 cirologici
1335 4662 1375 4723 ad
1406 4675 1480 4723 octo

217 4771 285 4832 dics
308 4791 403 4853 super
427 4773 532 4832 verbis
556 4772 701 4852 turpibus
725 4785 756 4832 et
781 4771 954 4851 vituperiis.

1370 4875 1393 4934 4
