3488 5250
604 351 699 449 Anno·
713 346 805 427 1365.
828 384 872 394 -
894 362 923 426 7.
948 353 1062 424 aprelis.
1140 340 1144 350 ’
1401 349 1460 410 261

201 456 386 465 .—--——

307 559 384 621 ltem
402 579 496 621 causa
513 578 576 641 que
593 559 726 621 vertitur
742 558 825 620 iuter
841 559 1048 641 jobagionem
1063 559 1220 642 Merclyni
1238 575 1269 622 et
1285 560 1465 622 Johannem

199 664 325 727 fabrum
352 678 399 728 est
421 666 462 727 ad
479 665 656 748 predictam
675 662 787 727 feriam
811 680 932 728 sextam
950 679 1119 748 prorogata
1136 666 1189 744 ita,
1214 665 1302 747 quod
1319 666 1344 727 si
1361 680 1466 748 partes

198 770 395 834 concordare
420 791 486 833 non
512 783 673 853 poterunt,
700 783 776 832 tunc
792 770 917 849 justicia
941 771 994 833 fiet
1010 771 1175 853 jobagioni
1201 771 1380 847 antedicto;
1398 772 1465 853 ipse

199 891 306 939 tamen
332 875 496 938 lohannes
520 877 552 937 in
578 876 705 937 duobus
729 875 856 956 judiciis
880 877 1042 939 remansit.

305 982 383 1043 Item
408 982 514 1064 primo
540 981 660 1062 judicio
676 981 833 1044 adventus
850 981 974 1044 Nicolai
992 982 1084 1064 jurati
1102 981 1234 1064 Gyurak
1259 994 1369 1044 contra
1386 980 1465 1043 Dra-

198 1106 318 1168 gonam
350 1107 406 1169 per
439 1088 543 1169 ipsum
576 1087 763 1165 Nicolaum,
794 1087 995 1150 Demetrium
1027 1101 1058 1150 et
1089 1087 1268 1149 Johannem
1300 1099 1465 1166 sartorem,

199 1192 406 1273 jobagionem
432 1193 515 1255 Petri
541 1191 645 1254 fratris
677 1194 763 1272 laxe,
790 1213 886 1277 super
919 1194 991 1257 data
1023 1195 1084 1255 sibi
1108 1194 1213 1276 allapa
1243 1193 1463 1255 testimonium

201 1298 379 1380 producere
404 1299 510 1362 debet.

306 1404 385 1467 ltem
408 1405 551 1486 predicta
576 1403 653 1466 feria
676 1417 762 1466 sexta
786 1405 895 1467 relicta
924 1406 1015 1467 Pauli
1040 1405 1243 1469 Chezaniche
1275 1420 1385 1469 contra
1410 1407 1462 1468 Jo-

200 1509 339 1572 hannem
365 1509 491 1572 fabrum
518 1530 574 1592 per
599 1511 727 1573 Petrum
751 1509 909 1572 famulum
933 1511 1079 1574 Bencech
1096 1526 1128 1575 et
1151 1532 1284 1574 uxorem
1310 1512 1467 1575 Johannis

199 1616 315 1678 sutoris
340 1635 436 1698 super
459 1617 646 1678 verberibus
670 1616 840 1678 cruentatis
863 1617 1083 1679 testimonium
1107 1618 1283 1699 producere
1307 1618 1413 1682 debet.

306 1722 384 1783 Item
409 1723 435 1783 si
461 1742 562 1804 usque
587 1720 698 1783 feriam
723 1737 842 1783 sextam
867 1723 1043 1804 predictam
1071 1724 1253 1786 Demetrius
1276 1745 1333 1807 per
1356 1745 1390 1786 se
1414 1726 1465 1787 vel

199 1846 256 1908 per
279 1841 520 1909 procuratorem
546 1840 655 1890 contra
688 1827 774 1908 Span
798 1847 864 1889 non
897 1829 1095 1910 comparebit
1125 1830 1176 1891 vel
1201 1849 1266 1891 non
1291 1845 1466 1913 componet

200 1951 272 1993 cum
289 1933 416 2011 eodem,
441 1945 557 1995 extunc
581 1933 729 2014 quitquid
751 1933 837 1994 idem
863 1933 948 2015 Span
973 1934 1012 1994 ad
1029 1933 1126 1996 fidem
1150 1936 1290 2018 recipiet,
1316 1936 1383 2018 ipse
1402 1937 1465 1997 De-

198 2038 331 2100 metrius
357 2039 482 2100 solvere
506 2039 646 2100 debebit.

314 2239 409 2317 Nota.
439 2241 528 2329 quod
556 2241 640 2312 feria
669 2256 768 2312 sexta
800 2244 955 2330 proxima
983 2250 1059 2331 post
1087 2243 1210 2313 festum
1238 2243 1351 2315 Pasce.

727 2403 768 2469 (7.
792 2391 922 2470 aprilis).

305 2531 414 2592 Primo
441 2532 587 2593 Donatus
610 2530 694 2593 filius
718 2532 831 2593 Nicole
861 2551 962 2614 usque
986 2533 1166 2614 quindenas
1189 2546 1315 2595 tenetur
1339 2534 1465 2597 solvere

199 2636 335 2720 Mykech
360 2635 427 2698 filio
454 2637 614 2698 Leunardi
638 2638 667 2698 X
691 2636 761 2699 fior.

304 2743 382 2803 ltem
409 2743 454 2804 St.
479 2762 538 2824 pro
563 2763 596 2804 se
621 2744 832 2824 personaliter
851 2758 881 2805 et
907 2743 951 2805 St.
976 2744 1040 2805 alio
1064 2764 1100 2805 ac
1125 2745 1258 2828 Myklyn
1285 2759 1395 2808 contra
1413 2747 1465 2808 Jo-

199 2847 338 2909 hannem
363 2848 402 2909 ad
428 2862 502 2910 octo
527 2848 595 2909 dies
618 2848 736 2930 recepit
758 2850 931 2911 terminum
956 2849 996 2910 ad
1021 2850 1292 2932 respondendum.

305 2954 382 3015 ltetn
409 2953 535 3035 Sugech
560 2968 669 3016 contra
694 2955 732 3015 N.
759 2954 1012 3016 Kuroredicham
1037 2955 1142 3036 primo
1160 2957 1273 3018 citatus
1289 2976 1354 3018 non
1379 2977 1466 3019 com-

199 3061 314 3143 paruit.

305 3168 384 3229 ltem
409 3165 493 3228 filius
518 3167 563 3229 St.
588 3166 702 3249 judicis
719 3180 828 3228 contra
846 3167 975 3228 Petrum
1000 3167 1117 3229 Donati
1136 3168 1241 3251 primo
1263 3169 1375 3238 citatus
1400 3189 1465 3232 non

199 3274 389 3355 comparuit.

305 3379 383 3440 ltem
407 3379 559 3461 Dragona
575 3393 663 3441 sutor
681 3378 756 3460 quia
774 3376 906 3459 Gyurak
920 3380 1019 3439 sutori
1036 3379 1162 3460 alapam
1180 3379 1278 3456 dedit,
1303 3393 1333 3440 et
1351 3379 1466 3441 exinde

200 3485 259 3546 luit
283 3483 453 3547 sufficienti
477 3486 663 3549 testimonio
692 3484 866 3562 convictus,
899 3483 1005 3544 eidem
1031 3483 1161 3566 Gyurak
1187 3485 1265 3546 duas
1289 3504 1412 3546 marcas
1436 3498 1466 3546 et

199 3590 296 3671 judici
321 3591 462 3653 mediam
487 3591 589 3652 solvet
612 3610 671 3672 pro
695 3610 777 3673 pena
801 3608 902 3670 usque
928 3589 1117 3670 quindenas.
1438 3652 1441 3657 ,

305 3697 384 3759 ltem
419 3695 503 3758 frlius
539 3696 583 3761 St.
620 3695 735 3776 judicis
779 3709 888 3756 contra
925 3697 1078 3776 Neterger
1111 3696 1215 3776 primo
1252 3696 1366 3757 citatus
1401 3716 1466 3758 non

199 3803 391 3884 comparuit.
1174 3883 1177 3887 Ι

305 3910 384 3971 Item
408 3907 464 3970 filii
490 3924 520 3972 et
550 3908 614 3970 filia
640 3909 773 3971 Strozak
807 3908 950 3989 quinque
982 3927 1055 3969 cum
1086 3907 1193 3968 media
1225 3928 1323 3989 pensa
1348 3908 1467 3969 debent

199 4016 322 4077 solvere
348 4016 484 4077 Nicolao
508 4016 732 4077 archidiacono
758 4012 948 4075 Chasmensi
976 4033 1079 4095 usque
1103 4015 1292 4095 quindenas.

304 4121 382 4182 Item
407 4121 512 4203 primo
536 4121 656 4203 judicio
680 4119 836 4181 adventus
861 4121 959 4202 Span,
984 4120 1070 4181 idem
1095 4134 1125 4180 et
1150 4119 1216 4181 Juri
1241 4133 1330 4182 sutor
1354 4134 1464 4181 contra

198 4227 416 4308 Dragozlaum
440 4225 621 4288 carnificem
645 4227 677 4287 in
702 4224 786 4287 facto
811 4210 977 4286 cuiusdam
1001 4225 1094 4286 vinee
1118 4227 1369 4307 respondebunt.

306 4332 383 4393 Item
417 4332 484 4394 Cus
515 4330 654 4393 carnifex
686 4345 794 4393 contra
828 4330 964 4392 Jancech
989 4331 1028 4391 ad
1061 4345 1134 4392 octo
1163 4331 1231 4392 dies
1263 4332 1382 4412 recepit
1405 4345 1465 4393 ter·

198 4438 322 4499 minum
348 4438 387 4499 ad
413 4438 686 4519 respondendum.

303 4544 381 4605 ltem
406 4541 570 4604 lohannes
593 4543 707 4604 Zentin
732 4555 841 4604 contra
864 4542 986 4605 Obram
1011 4541 1106 4603 Zolar
1130 4543 1237 4623 primo
1263 4543 1375 4604 citatus
1400 4563 1466 4605 non
1514 4546 1517 4553 “

189 4650 388 4732 comparuit.

304 4755 382 4817 ltem
407 4753 567 4837 Georgius
592 4753 724 4817 Gianini
755 4768 864 4816 contra
889 4754 977 4816 Jalrel
1010 4754 1116 4835 primo
1138 4755 1253 4815 citatus
1278 4773 1344 4815 non
1378 4772 1466 4815 corn-

198 4861 313 4942 paruit,
338 4874 369 4924 et
393 4861 531 4922 lacobus
555 4859 743 4942 Pintiltachy
766 4858 923 4922 similiter.
