3488 5250
247 323 306 402 148
606 325 693 384 Anno
716 337 806 402 1559.
830 360 874 370 —
896 338 944 401 15.
968 328 1136 388 novembris.

276 539 373 614 FerIa
401 551 499 614 sexta
528 545 683 632 proxima
711 551 789 632 post
820 543 944 615 festum
972 545 1061 615 beati
1090 545 1230 616 Martini
1258 545 1471 618 confessoris.

741 695 802 772 (15.
826 697 1004 774 novembres).

348 853 426 914 Item
457 851 583 915 Malech
616 852 712 914 Zolar
742 852 838 914 debet
869 853 992 915 solvere
1024 853 1163 916 Iohanni
1194 854 1338 915 Barbaco
1362 853 1506 936 quinque

240 958 310 1022 flor.
335 958 387 1020 die
411 972 537 1037 octavo,
562 977 644 1040 quos
675 958 702 1020 ai
726 978 791 1020 non
823 958 937 1038 solvet,
970 973 1045 1022 tunc
1069 959 1162 1021 vinea
1186 979 1242 1025 sua
1275 978 1338 1041 que
1361 958 1506 1021 median-

240 1065 325 1127 tibus
361 1064 473 1126 litteris
509 1063 638 1126 Mikech
672 1063 810 1125 condam
846 1064 961 1145 judicis
996 1065 1098 1126 extitit
1131 1064 1284 1147 obligata,
1318 1065 1358 1127 ad
1392 1085 1507 1127 manus

241 1169 384 1231 eiusdem
410 1169 566 1232 Iohannis
589 1183 745 1251 perpetuo
767 1169 991 1251 assignabitur.

347 1275 425 1337 Item
448 1280 543 1336 Anna
566 1288 675 1336 contra
701 1274 877 1358 Symonem
903 1274 954 1336 die
978 1290 1091 1337 octavo
1125 1276 1222 1345 debet
1245 1276 1451 1357 respondere.

346 1381 425 1443 Item
448 1401 538 1443 soror
562 1381 695 1443 Fabiani
719 1380 858 1464 lapicide
883 1395 993 1443 contra
1016 1382 1159 1444 relictam
1184 1381 1288 1444 Cuetlr
1313 1382 1365 1445 die
1389 1397 1505 1446 octavo

241 1486 337 1549 debet
360 1487 567 1569 respondere.

346 1593 424 1655 Item
441 1592 581 1655 Michael
597 1590 686 1654 faber
702 1605 812 1653 contra
830 1591 972 1653 Blasium
989 1592 1094 1675 primo
1108 1593 1221 1655 citatus
1234 1612 1299 1654 non
1314 1595 1503 1675 comparuit.

346 1699 424 1760 Item
449 1718 543 1761 causa
568 1696 700 1778 Georgii
725 1697 881 1759 Ztaunich
906 1712 938 1760 et
964 1698 1096 1760 Henrici
1120 1696 1268 1782 pellificis
1292 1717 1392 1780 usque
1417 1698 1504 1762 diem

240 1818 390 1866 octavum
413 1803 454 1865 ad
477 1823 591 1885 pacem
615 1817 662 1865 est
683 1815 864 1884 prorogata.

345 1910 424 1972 Item
448 1910 628 1972 Domianus
643 1923 731 1971 sutor
748 1928 849 1991 usque
866 1922 939 1971 octo
957 1909 1026 1971 dies
1038 1909 1134 1970 debet
1146 1911 1269 1971 solvere
1293 1910 1372 1972 duas
1387 1931 1502 1994 pensas

239 2015 444 2078 denariorum
469 2016 589 2077 Iacobo
614 2015 753 2076 ZIrotka.

346 2121 423 2183 Item
448 2120 598 2183 Chernka
622 2134 730 2182 contra
755 2119 893 2182 eundem
919 2119 971 2181 die
995 2134 1108 2181 octavo
1133 2119 1228 2181 debet
1251 2121 1455 2203 respondere.

344 2227 422 2288 Item
448 2225 608 2307 Georgius
630 2244 726 2306 preco
751 2239 860 2286 contra
888 2225 1086 2286 Domianum
1116 2224 1168 2286 die
1192 2238 1306 2287 octavo
1330 2225 1427 2289 debet
1450 2247 1499 2288 re·

238 2333 409 2415 spondere.

346 2439 423 2500 Item
441 2438 515 2519 quia
541 2436 672 2498 domina
696 2435 805 2497 reIIcta
829 2434 1006 2497 MartInkus
1037 2435 1207 2498 Nicolaum
1241 2437 1280 2498 de
1306 2436 1443 2519 Gyanua
1467 2440 1500 2502 in

240 2544 338 2606 domo
361 2564 420 2625 pro
444 2543 552 2625 precio
584 2541 644 2603 sibi
676 2541 751 2602 dato
783 2559 906 2618 servare
942 2559 1007 2600 non
1036 2541 1151 2622 potuit,
1182 2541 1256 2602 ideo
1280 2542 1500 2623 adjudicatum

240 2650 352 2728 extitit,
377 2648 465 2730 quod
490 2647 633 2730 precium
659 2646 741 2707 dIcte
766 2646 882 2707 domus
898 2645 1019 2707 scilicet
1043 2660 1180 2728 quatuor
1203 2667 1325 2709 marcas
1348 2649 1381 2710 in
1407 2651 1502 2732 quin·

239 2754 331 2816 denis
356 2755 451 2816 debet
475 2753 649 2814 restituere.

344 2860 423 2922 Item
448 2859 493 2921 St.
519 2857 648 2919 Saluich
668 2858 701 2918 in
719 2855 891 2939 quindenis
907 2855 1002 2917 debet
1024 2857 1149 2918 solvere
1165 2858 1272 2919 relicte
1298 2858 1404 2921 Herxa
1429 2861 1500 2924 XIII

238 2986 353 3047 pensas
377 2964 582 3027 denariorum
607 2976 638 3024 et
659 2962 701 3025 VI
725 2962 884 3024 denarios.

346 3072 425 3133 Item
458 3069 497 3132 G.
530 3067 685 3130 Ztaunich
720 3081 829 3130 contra
862 3067 991 3128 Petrum
1025 3066 1151 3130 Godich
1176 3069 1228 3131 die
1260 3084 1374 3132 octavo
1406 3072 1502 3135 debet

238 3177 442 3260 respondere.

344 3284 423 3345 Item
447 3281 637 3343 Dominicus
660 3294 769 3341 contra
793 3279 922 3341 Petrum
947 3276 1075 3340 fratrem
1100 3280 1175 3340 laxe
1191 3280 1243 3342 die
1267 3266 1381 3342 octavo
1405 3281 1502 3343 debet

239 3388 442 3472 respondere.

344 3494 422 3555 Item
446 3492 599 3553 Nicolaus
621 3489 760 3553 famulus
784 3490 829 3553 St.
847 3489 961 3571 judIcis
987 3489 1082 3551 debet
1104 3488 1209 3570 jurare
1227 3491 1279 3552 die
1303 3506 1417 3554 octavo
1434 3506 1501 3555 met

238 3600 353 3662 tercius
377 3613 486 3661 contra
511 3597 651 3659 eundem
675 3598 709 3660 P.
733 3616 828 3678 super
850 3596 991 3678 quodam
1017 3615 1111 3678 equo.

344 3705 422 3766 Item
447 3703 498 3764 die
522 3716 636 3764 octavo
660 3702 756 3764 debet
780 3703 890 3764 Kurlro
919 3701 1067 3763 exhibere
1099 3700 1218 3763 litteras
1240 3722 1335 3784 super
1359 3704 1498 3786 quadam

237 3823 319 3871 terra
343 3823 452 3870 contra
476 3808 622 3870 Pausam.

344 3914 421 3976 Item
446 3913 532 3975 Iwan
557 3927 666 3975 contra
690 3912 901 3975 Benedictum
925 3912 1122 3993 selliparium
1154 3913 1260 3994 primo
1289 3914 1403 3975 citatus
1431 3934 1497 3976 non

237 4020 426 4101 comparuit.

343 4125 420 4186 Item
445 4123 575 4207 Endrey
598 4138 707 4186 contra
724 4124 852 4185 Petrum
879 4125 955 4185 laxe
980 4123 1032 4186 die
1048 4137 1162 4185 octavo
1179 4122 1276 4185 debet
1291 4124 1498 4206 respondere.

343 4231 421 4292 Item
454 4230 612 4292 Henricua
642 4229 771 4312 pellifex
807 4244 917 4292 contra
948 4229 1079 4311 Endrey
1113 4229 1254 4290 secundo
1287 4229 1400 4291 citatus
1430 4250 1497 4292 non

237 4337 425 4418 comparuit.

343 4434 483 4504 Item'N.
505 4441 681 4523 Ztoyanich
698 4455 806 4503 contra
823 4442 951 4502 Petrum
968 4440 1073 4521 primo
1094 4440 1206 4501 citatus
1223 4458 1289 4501 non
1306 4441 1496 4522 comparuit.

343 4546 418 4608 Item
444 4547 512 4608 Kua
535 4545 675 4609 carnifex
698 4547 750 4609 die
775 4545 1017 4629 quintodecimo
1041 4545 1136 4609 debet
1151 4544 1276 4606 solvere
1299 4543 1355 4606 VII
1379 4563 1497 4626 pensas

236 4648 372 4712 Nicolao
394 4652 463 4714 aine
487 4651 657 4730 dilacione,
682 4652 757 4734 quia
775 4650 918 4714 exhibuit
940 4650 1061 4713 litterae
1083 4649 1302 4730 obIIgatorias.

341 4755 420 4818 Item
443 4755 624 4819 Golobicha
647 4768 757 4819 contra
781 4755 890 4839 Opeth
912 4755 1017 4838 primo
1037 4756 1131 4819 citata
1153 4774 1219 4825 non
1244 4754 1433 4836 comparuit.
