3488 5250
279 318 343 389 ²¹4
679 304 764 360 Anno
787 299 880 378 1362.
902 297 947 347 -’
969 317 1019 363 ro.
1035 305 1128 379 siculi.

384 513 530 574 Preterea
554 532 626 593 pars
651 512 746 574 Blasii
772 513 905 595 predicti
939 513 970 574 in
1000 512 1197 594 quibuslibet
1225 513 1319 575 bonis
1348 513 1543 593 consisteret,

279 618 370 681 cedet
387 617 621 702 dampnificatis
644 619 805 701 predictis.

384 725 461 787 ltem
487 724 646 807 Georgius
670 726 766 788 Zolar
789 726 894 810 primo
925 726 1039 789 citatus
1070 740 1180 790 contra
1204 725 1290 789 filios
1321 726 1455 790 Strozalc
1478 745 1544 788 non

278 832 467 914 comparuit.

385 938 463 1000 ltem
488 951 603 1000 octavo
627 938 680 1001 die
697 941 859 1001 Marketus
875 958 908 1001 se
930 952 1037 1001 sextus
1053 951 1162 1001 contra
1180 938 1317 1021 Myltech
1341 936 1444 1000 filium
1462 939 1544 1001 Leu-

278 1045 369 1107 nardi
393 1065 489 1127 super
514 1065 553 1107 eo
577 1045 665 1127 quod
689 1046 781 1108 XXX
796 1045 865 1110 flor.
890 1065 973 1127 quos
997 1045 1064 1128 ipse
1081 1044 1219 1127 Mykech
1244 1045 1277 1107 in
1300 1044 1423 1106 iudicio
1447 1046 1545 1106 abeo

278 1152 452 1234 repetebat,
475 1152 515 1213 ab
547 1169 586 1213 eo
610 1170 675 1213 non
703 1151 882 1234 recepisset,
915 1170 974 1214 nec
997 1151 1118 1213 eisdem
1149 1150 1209 1212 sibi
1244 1162 1417 1229 teneretur,
1440 1169 1543 1213 sacra·

278 1270 424 1319 mentum
446 1270 585 1339 prestere
608 1256 749 1320 debebit.

384 1362 462 1424 ltem
494 1376 608 1425 octavo
641 1362 692 1424 die
723 1363 833 1425 relicta
866 1363 983 1446 Loytre
1017 1375 1127 1424 contra
1159 1362 1361 1425 Demetrium
1391 1383 1424 1425 se
1447 1363 1544 1426 tercia

277 1468 404 1551 jurabit,
429 1468 517 1550 quod
542 1469 609 1551 ipse
634 1469 816 1531 Demetrius
838 1468 925 1531 XXII
950 1468 1019 1532 flor.
1044 1469 1104 1530 sibi
1128 1487 1194 1530 non
1218 1468 1374 1533 solvisset.

384 1574 463 1636 Item
496 1574 702 1636 Sebastianus
733 1594 834 1657 usque
873 1574 1053 1656 quindenas
1084 1574 1109 1635 ll
1141 1593 1263 1636 marcas
1294 1574 1390 1636 debet
1420 1574 1544 1637 solvere

279 1680 445 1742 Demetrio
468 1698 527 1761 pro
551 1680 755 1762 percussione
780 1693 811 1744 et
834 1680 932 1763 judici
959 1680 1100 1742 mediam
1124 1694 1179 1742 aut
1202 1680 1351 1742 exhibere
1374 1680 1434 1742 sibi
1459 1680 1542 1742 salu-

277 1787 439 1849 tacionem
463 1804 536 1848 cum
560 1787 651 1848 XXV
673 1788 829 1869 personis,
854 1787 943 1869 quod
969 1787 1037 1869 ipse
1061 1787 1243 1850 Demetrius
1268 1787 1364 1850 volet.

385 1893 463 1953 ltem
487 1893 627 1954 lacobus
658 1892 788 1955 Zirotka
818 1906 929 1955 contra
960 1893 1136 1955 Martinum
1168 1893 1339 1976 Wlkouoy
1362 1893 1396 1955 in
1419 1891 1547 1954 duobus

282 1998 410 2060 iudiciis
433 2017 492 2079 pro
524 1998 672 2060 aratione
696 2012 778 2061 terre
808 1999 969 2079 remansit,
1001 2011 1032 2060 et
1055 1999 1184 2082 insuper
1215 1999 1365 2081 quitquid
1389 1999 1546 2061 Martinus

280 2104 347 2187 ipse
372 2102 434 2165 fide
458 2124 514 2165 sua
540 2105 701 2166 mediante
725 2105 786 2167 sibi
809 2104 918 2167 damni
943 2105 1096 2184 retulerit,
1120 2106 1245 2168 solvere
1269 2105 1374 2168 debet.

387 2210 465 2272 ltem
499 2229 592 2272 causa
623 2211 695 2273 Elie
724 2211 907 2273 stacionerii
939 2225 971 2274 et
1002 2211 1125 2274 Mareni
1158 2224 1205 2273 est
1237 2211 1278 2273 ad
1309 2224 1382 2273 octo
1414 2210 1482 2272 dies
1505 2210 1546 2271 ad

279 2336 391 2399 pacem
416 2329 597 2399 prorogata.

386 2422 463 2484 ltem
489 2441 582 2484 causa
614 2421 755 2484 filiorum
786 2423 907 2486 Vrbani
940 2434 971 2486 et
1001 2423 1120 2485 Donati
1152 2436 1199 2484 est
1229 2422 1270 2485 ad
1301 2437 1374 2485 octo
1405 2420 1473 2483 dies
1505 2420 1546 2484 ad

281 2548 393 2611 pacem
417 2542 598 2611 prorogata.

385 2635 463 2697 Item
488 2654 581 2697 causa
606 2634 760 2696 Johannis
783 2634 840 2697 filii
865 2635 942 2699 luen
967 2650 998 2698 et
1021 2637 1130 2699 Petres
1161 2648 1207 2697 est
1229 2635 1335 2698 taliter
1357 2633 1537 2713 terminata,

283 2753 318 2802 ut
343 2741 513 2823 persolutis
538 2760 593 2823 per
617 2741 722 2823 ipsum
751 2741 930 2804 Johannem
954 2742 996 2804 Vl
1021 2743 1126 2824 pensis
1157 2761 1215 2824 pro
1247 2752 1385 2823 quatuor
1407 2739 1544 2823 judiciis,

281 2860 455 2929 exequatur
479 2866 588 2909 causas
611 2867 695 2926 suas,
726 2847 765 2909 ad
791 2868 870 2930 quas
898 2849 1044 2930 primitus
1076 2868 1141 2910 non
1173 2859 1395 2929 comparuerat
1418 2845 1542 2927 justicia

208 3005 210 3010 Α
282 2953 455 3032 mediante,
478 2953 599 3016 scilicet
624 2972 679 3036 per
703 2953 876 3015 citaciones
900 2954 939 3015 de
963 2973 1049 3015 novo
1073 2952 1245 3016 faciendas.

384 3059 463 3121 ltem
488 3057 664 3141 Gregorius
688 3073 798 3121 contra
822 3060 930 3123 Petres
962 3060 1002 3122 ad
1027 3073 1100 3122 octo
1124 3060 1193 3122 dies
1224 3059 1344 3142 recepit
1366 3058 1541 3121 terminum

280 3164 321 3226 ad
345 3164 618 3247 respondendum.

385 3271 464 3333 ltem
487 3284 601 3333 octavo
634 3271 686 3333 die
718 3272 875 3354 Dragicha
910 3286 1019 3334 contra
1050 3290 1205 3354 generum
1240 3270 1409 3354 Meynardi
1433 3290 1467 3332 se
1490 3270 1546 3331 Xll

281 3377 398 3460 jurabit
422 3397 517 3459 super
541 3398 591 3458 eo,
615 3378 703 3459 quod
736 3378 841 3460 ipsum
871 3391 903 3440 et
926 3398 1060 3440 uxorem
1092 3397 1182 3440 suam
1215 3377 1350 3439 alterum
1375 3376 1465 3438 alteri
1489 3395 1547 3459 per

280 3463 518 3545 incantaciones
541 3503 607 3545 non
631 3483 823 3566 deturpavit,
847 3484 927 3547 etsi
955 3485 1093 3566 amplius
1125 3482 1220 3546 fuerit
1245 3480 1451 3544 manifestum
1475 3500 1545 3544 eam

282 3587 395 3651 fecisse
418 3588 469 3650 vel
493 3587 595 3651 facere
620 3589 867 3669 incantaciones,
892 3609 931 3652 eo
956 3590 1085 3652 instanti
1110 3589 1376 3652 concremabitur.

386 3696 465 3756 Item
489 3709 603 3756 octavo
628 3695 680 3756 die
704 3695 867 3757 lohannes
891 3695 1060 3758 Laurencii
1085 3709 1195 3757 contra
1220 3696 1400 3756 Marketum
1424 3713 1482 3776 per
1498 3693 1544 3756 St.
1573 3771 1580 3786 ι

280 3813 311 3861 et
335 3800 512 3883 Symonem
536 3801 757 3864 testimonium
781 3801 957 3883 producere
981 3802 1077 3864 debet
1103 3821 1198 3884 super
1222 3821 1273 3880 eo,
1296 3800 1385 3882 quod
1409 3798 1542 3881 quidam

280 3925 382 3987 equus
405 3926 481 3968 suus
507 3907 539 3969 in
563 3907 705 3969 serviciis
729 3907 798 3969 eius
825 3906 1004 3970 infirmatus
1035 3922 1066 3971 et
1090 3908 1130 3970 de
1154 3908 1224 3991 ipsa
1256 3905 1438 3978 infirmitate
1462 3925 1547 3968 mor·

281 4024 355 4074 tuus
379 4012 542 4074 extitisset.

387 4213 482 4301 Nota,
509 4213 596 4287 feria
625 4222 725 4286 sexta
753 4217 908 4305 proxima
935 4223 1012 4304 post
1039 4214 1162 4288 festum
1190 4214 1441 4287 Penthekostes.

812 4381 874 4445 (10.
890 4367 1002 4445 J‘unii).

386 4505 496 4567 Primo
521 4524 616 4568 causa
640 4507 739 4568 Marci
772 4520 803 4569 et
834 4505 1012 4569 Clementis
1035 4506 1076 4568 ad
1108 4520 1182 4569 octo
1206 4506 1275 4569 dies
1299 4506 1410 4569 estad
1434 4524 1548 4588 pacem

280 4624 462 4694 prorogata.

387 4718 495 4781 Primo
520 4716 660 4799 quedam
684 4718 801 4781 mulier
816 4731 926 4781 contra
942 4718 1135 4803 Janzlynum
1159 4739 1192 4781 se
1216 4733 1302 4782 sexta
1318 4717 1416 4782 debet
1430 4732 1546 4782 octavo

280 4821 332 4885 die
356 4824 389 4886 in
413 4822 501 4887 furtu
524 4842 557 4886 se
582 4842 770 4908 expurgare.
