3488 5250
643 351 729 408 Anno
751 347 843 426 1363.
867 383 911 392 -
933 363 981 409 11.
1001 350 1131 428 augusti.

466 455 643 461 -——-
1224 454 1526 463 *η-

384 601 481 675 lesia
509 609 608 674 sexta
635 610 711 691 post
738 590 859 674 festum
888 604 998 674 sancti
1027 602 1201 674 laurencii
1230 603 1397 673 martiris.

775 766 835 831 (η.
859 755 999 830 augrus).

369 892 478 955 Primo
502 893 548 956 St.
572 892 703 976 pellifex
723 907 838 956 octavo
862 894 914 956 die
939 914 972 956 se
987 893 1105 956 tercius
1128 906 1238 955 contra
1255 893 1446 955 Michaelem
1464 892 1526 955 Or·

261 997 352 1061 tholfi
367 998 462 1060 debet
479 1013 617 1080 prestare
644 998 859 1079 juramentum
877 1000 965 1082 quod
982 1019 1115 1062 uxorem
1131 1018 1221 1061 suam
1238 1018 1304 1061 non
1321 998 1523 1080 vituperavit.

368 1120 447 1184 Item
464 1136 578 1184 octavo
595 1121 647 1184 die
665 1123 763 1186 Muna
781 1120 869 1185 faber
886 1136 995 1185 contra
1007 1123 1096 1184 Bank
1112 1121 1310 1184 sacerdotem
1326 1141 1384 1204 per
1396 1122 1524 1184 Fintam

261 1229 481 1290 testimonium
506 1228 671 1310 producet,
696 1229 751 1311 qui
774 1230 862 1291 testis
886 1229 1031 1291 recitabit
1055 1229 1134 1310 quid
1157 1229 1235 1291 sciet
1258 1228 1340 1289 inter
1363 1241 1477 1310 partes.

369 1352 446 1413 Item
472 1352 578 1435 primo
595 1351 715 1431 judicio
739 1352 895 1414 adventus
909 1353 1032 1415 domiui
1050 1352 1135 1414 Petri
1159 1352 1215 1414 filii
1235 1351 1365 1434 Ligerii,
1381 1350 1527 1412 Andreas

263 1457 378 1519 Pulani
404 1471 514 1520 contra
540 1457 675 1541 Mykech
700 1456 800 1520 filium
832 1459 993 1521 Leunardi
1016 1479 1073 1542 per
1105 1459 1210 1541 ipsum
1242 1457 1412 1519 dominum
1437 1458 1471 1519 P.
1495 1469 1527 1519 et

261 1564 383 1626 Paulelr
408 1563 512 1626 filium
537 1564 697 1625 Leunardi
721 1564 941 1627 testimonium
969 1584 1137 1647 supereo,
1170 1563 1258 1647 quod
1282 1563 1350 1646 ipse
1374 1562 1526 1625 dommus

263 1671 306 1734 M.
332 1669 476 1731 debitum
501 1669 712 1751 quadraginta
744 1668 941 1732 florenorum
972 1690 1038 1753 quo
1063 1671 1129 1753 ipse
1161 1669 1306 1731 Andreas
1329 1669 1390 1730 sibi
1415 1667 1524 1729 deberi

262 1775 471 1858 dignoscitur,
495 1775 602 1858 quoad
627 1776 725 1837 vitam
749 1796 839 1838 suam
864 1796 928 1838 non
953 1791 1097 1859 repetere
1121 1790 1152 1839 et
1175 1795 1234 1837 nec
1258 1774 1399 1856 recipere
1427 1775 1524 1835 abeo

260 1883 462 1965 promisisset
486 1896 517 1943 et
539 1883 770 1963 assumpsisset,
795 1883 972 1964 producere
997 1882 1101 1946 debet.

367 2006 446 2068 Item
470 2006 556 2067 idem
587 2005 733 2068 Andreas
763 2018 873 2067 contra
905 2006 1084 2067 Johannem
1119 2003 1345 2067 stacionarium
1380 2001 1419 2063 ad
1451 2013 1524 2062 octo

262 2111 330 2173 dies
352 2113 472 2194 recepit
495 2112 667 2174 terminum
692 2112 919 2193 respondendi,

368 2234 445 2296 Item
470 2234 626 2296 Nicolaus
644 2233 803 2296 aurifaber
826 2248 936 2297 contra
964 2234 1104 2315 judicem
1135 2234 1178 2296 ad
1208 2247 1281 2296 octo
1306 2233 1374 2295 dies
1404 2231 1524 2314 recepit

261 2341 434 2402 terminum
463 2339 690 2422 respondendi.

368 2463 445 2525 Item
470 2477 585 2525 octavo
609 2463 661 2524 die
687 2462 808 2545 Symon
841 2481 939 2542 gener
963 2463 1101 2526 Stanech
1133 2464 1214 2525 Inter
1238 2462 1381 2524 Kussech
1404 2458 1520 2523 aurif-

262 2571 355 2631 brum
380 2584 411 2631 et
435 2569 605 2631 Nicolaum
630 2565 827 2629 aurifabrum
852 2565 968 2631 referre
998 2569 1159 2630 tenebitur
1190 2568 1270 2651 quid
1292 2569 1390 2646 sciet,
1418 2585 1521 2649 quum

261 2695 295 2736 se
311 2688 415 2756 partes
431 2675 464 2736 in
481 2693 555 2736 eum
580 2674 879 2756 compromiserunt,
904 2676 1043 2737 marIme
1068 2676 1134 2757 ipse
1158 2674 1312 2737 Cussech.

369 2799 463 2875 Nota,
487 2797 574 2878 quod
601 2796 762 2858 lohannes
787 2796 946 2858 Barbacus
970 2812 1001 2859 et
1030 2799 1185 2859 MartInus
1209 2797 1333 2879 Reyniz
1356 2808 1463 2874 testes,
1487 2793 1523 2856 ln

263 2920 346 2984 quos
368 2902 541 2984 gordianus
564 2902 691 2963 claustri
711 2902 794 2963 beati
819 2902 979 2964 Francisci
1007 2903 1047 2964 de
1064 2903 1218 2984 Zagrabia
1243 2901 1346 2963 tocius
1370 2901 1418 2962 sui
1447 2918 1523 2962 cou-

261 3023 375 3072 ventus
398 3009 529 3070 nomine
566 3023 597 3070 et
621 3007 757 3070 Mathias
789 3007 874 3070 filius
898 3009 1057 3092 Leypoldi
1080 3027 1139 3070 suo
1171 3008 1302 3091 proprio
1326 3008 1459 3069 nomiae
1482 3005 1522 3067 de

264 3129 295 3177 et
319 3134 414 3197 super
446 3113 653 3197 Infrascriptis
682 3128 796 3197 sponte
826 3115 1126 3196 compromiserunt,
1157 3115 1313 3196 requisiti,
1344 3112 1524 3192 juramento

262 3221 421 3303 corporali
446 3221 577 3303 prestito
600 3232 771 3282 stestantes
794 3220 899 3281 taliter
922 3220 1115 3283 retulerunt:
1152 3220 1241 3301 quod
1264 3237 1338 3281 cum
1361 3218 1421 3300 ipsi
1445 3216 1527 3280 alias

263 3346 321 3408 per
344 3326 535 3407 gardianum
559 3338 591 3386 et
614 3339 807 3387 conventum
833 3326 910 3387 dicti
927 3326 1054 3388 claustri
1079 3345 1217 3388 unacum
1242 3325 1387 3409 predicto
1404 3322 1525 3385 Mathia

263 3433 294 3494 in
321 3433 491 3494 claustrum
517 3450 573 3493 seu
596 3431 770 3493 sacristiam
794 3433 897 3493 vocati
923 3430 1066 3510 fuissent,
1090 3432 1166 3493 dicti
1191 3430 1302 3493 fratres
1325 3430 1431 3512 ipsum
1455 3429 1523 3490 Ma·

262 3538 361 3600 thiam
385 3538 509 3617 tegulas
533 3537 676 3619 ipsorum
697 3556 747 3598 ser
771 3537 954 3598 Puchochio
980 3537 1123 3599 venditas
1147 3536 1215 3599 fore
1240 3536 1443 3614 indicassent,
1465 3533 1524 3596 ubi

262 3643 331 3724 ipse
356 3642 493 3704 Mathias
517 3642 600 3725 ipsas
614 3642 739 3723 tegulas
755 3661 820 3703 non
845 3643 986 3724 ipsorum
1004 3643 1058 3703 sed
1078 3657 1201 3724 patrem
1218 3661 1312 3704 suum
1337 3641 1369 3702 in
1387 3639 1525 3722 propriis

262 3747 427 3810 laboribus
451 3762 482 3809 et
505 3747 651 3830 expensis
674 3745 785 3808 fecisse
809 3747 995 3829 allegasset3
1019 3761 1050 3809 et
1073 3749 1117 3810 sic
1136 3748 1196 3830 Ipsi
1221 3745 1333 3808 fratres
1356 3746 1457 3808 dictas
1476 3759 1526 3807 te·

261 3853 353 3935 gulas
377 3854 642 3935 pretermisissent
666 3853 808 3915 dIcentes
830 3866 950 3931 tamen,
974 3854 1063 3935 quod
1087 3855 1155 3936 ipse
1180 3854 1287 3935 Matey
1311 3851 1424 3933 viginti
1449 3863 1525 3913 octo

263 3960 398 4021 millaria
422 3959 601 4039 tegularum
626 3959 752 4020 claustri
776 3978 835 4040 pro
859 3958 1008 4041 hospitali
1036 3959 1170 4020 domino
1196 3959 1290 4020 Petro
1314 3971 1345 4019 et
1367 3955 1525 4018 archidia-

262 4081 345 4128 cono
369 4064 571 4125 distraxisset.
596 4063 750 4145 Idemque
775 4064 881 4147 Matey
914 4064 1092 4145 allegasset,
1117 4064 1205 4146 quod
1229 4064 1288 4144 ipsi
1313 4062 1525 4144 quadraginta

263 4189 373 4231 currus
403 4188 459 4250 per
492 4183 630 4250 quamor
662 4171 761 4232 boves
791 4170 952 4232 thraentes
983 4171 1022 4231 de
1051 4189 1110 4232 suo
1134 4171 1274 4232 cimento
1302 4183 1335 4232 et
1365 4168 1526 4251 quosdam

262 4275 385 4358 Iapides
416 4294 549 4356 magnos
580 4275 789 4357 recepissent;
830 4289 862 4338 et
896 4276 940 4337 sic
970 4273 1060 4337 factis
1098 4276 1382 4355 altercacionibus,
1418 4287 1526 4356 partes

262 4399 358 4463 super
381 4379 442 4441 hiis
464 4381 546 4441 Inter
569 4380 656 4463 ipsos
675 4381 951 4464 compromissent,
974 4382 1030 4442 ubi
1048 4381 1107 4463 ipsi
1131 4381 1255 4462 tegulas
1271 4380 1428 4463 predictas
1444 4378 1524 4443 fina-

262 4485 335 4548 liter
359 4486 391 4548 ln
416 4487 632 4560 econtrarium
656 4487 784 4547 clmenti
816 4487 951 4569 predicti
975 4488 1165 4568 posuissent,
1188 4487 1233 4548 sic
1264 4486 1353 4568 quod
1377 4486 1436 4569 ipsi
1460 4483 1524 4549 fre·

260 4603 324 4653 tres
334 4592 470 4673 tegulas,
482 4592 614 4674 ipseque
627 4592 734 4674 Matey
746 4592 921 4654 cimentum
935 4605 966 4654 et
981 4592 1104 4674 lapides
1116 4593 1195 4654 alter
1207 4594 1247 4654 ab
1264 4593 1366 4654 altero
1378 4606 1523 4674 repetere

262 4714 328 4758 non
363 4696 557 4779 potuissent;
597 4716 708 4760 verum
739 4710 845 4759 tamen
877 4697 938 4780 ipsi
970 4696 1081 4759 fratres
1111 4717 1211 4760 unum
1243 4697 1404 4760 florenum
1433 4696 1523 4760 dicto

262 4801 370 4885 Matey
394 4821 432 4864 ex
455 4801 618 4885 superfluo
645 4803 769 4865 solvere
799 4816 994 4882 tenerentur,
1018 4822 1084 4884 quo
1115 4803 1234 4882 soluto,
1264 4802 1291 4866 si
1313 4822 1396 4886 opus
1417 4804 1458 4865 ab
1481 4820 1524 4867 eo
