3488 5250
253 366 315 446 308
648 371 735 428 Anno
757 366 848 446 1363.
874 403 913 413 —
932 385 968 448 3.
991 371 1120 430 octobris.

252 578 382 639 cionem
406 595 497 639 suam
521 597 615 659 agere
639 578 787 658 voluerit,
811 599 876 640 non
901 581 1001 661 possit
1024 580 1083 641 nisi
1101 580 1189 662 prius
1212 580 1365 663 depositis
1390 580 1517 643 duobus

253 682 396 763 judiciis,
420 683 488 745 iure
513 683 674 745 civititatis
697 684 859 747 mediante
883 700 1067 766 exequatur.

362 788 440 852 Item
472 803 586 850 octavo
618 789 669 850 die
700 789 776 851 Iuan
810 791 991 853 Pozloncha
1033 790 1153 869 dictus,
1185 805 1294 853 contra
1329 789 1451 853 Gemez
1486 812 1519 853 se

254 911 380 973 sertus,
412 894 562 955 videlicet
592 914 624 955 se
656 908 805 976 quartus,
838 895 925 976 quod
957 894 1058 957 filium
1087 916 1182 958 suum
1213 916 1278 958 non
1311 896 1518 978 percusserit3

253 1000 388 1063 demum
413 1020 446 1062 se
470 1000 639 1077 secundus,
671 1001 759 1082 quod
789 1020 863 1062 eum
892 1002 1062 1083 evagInato
1094 1002 1211 1064 bicello
1243 1020 1308 1063 non
1332 1000 1519 1083 affugaverit

252 1105 471 1188 juramentum
497 1105 659 1187 prestabit.

363 1211 441 1272 Item
466 1210 588 1293 Symon
614 1224 723 1272 contra
741 1211 909 1273 Nicolaum
926 1211 1033 1293 primo
1058 1212 1171 1274 citatus
1194 1231 1259 1274 non
1284 1213 1473 1294 comparuit.

362 1317 441 1378 Item
463 1330 576 1378 octavo
594 1316 646 1378 die
670 1316 821 1399 Dragona
846 1332 955 1379 contra
974 1316 1093 1381 Giuralt
1115 1337 1172 1400 per
1196 1319 1306 1380 Kuren
1331 1332 1362 1379 et
1380 1318 1519 1397 Petrum,

255 1423 314 1504 qui
339 1422 454 1484 domos
479 1422 635 1483 Martinus
658 1422 736 1484 Zedi
771 1424 1036 1505 comparaverint,
1068 1423 1287 1485 testimonium
1319 1443 1415 1507 super
1438 1424 1520 1485 vitu·

255 1528 351 1609 petiis
384 1527 556 1609 producet;
589 1527 769 1608 eodemque
802 1525 853 1590 dle
885 1529 1003 1590 iurabit
1033 1529 1100 1610 ipse
1133 1527 1266 1606 GIuraIt,
1299 1528 1387 1611 quod
1412 1529 1517 1611 ipsum

255 1632 406 1715 Dragona
431 1652 495 1694 non
519 1633 747 1714 vituperaverit
771 1647 802 1695 et
826 1632 999 1695 Inliberum
1023 1653 1088 1695 non
1113 1633 1331 1715 appellaverit.

361 1739 438 1800 Item
464 1758 557 1817 causa
582 1738 689 1800 Endre
721 1753 832 1800 contra
857 1740 967 1801 Maren
999 1760 1055 1822 per
1079 1739 1187 1802 Petres
1217 1753 1263 1801 est
1287 1739 1327 1801 ad
1352 1753 1425 1801 octo
1450 1739 1518 1800 dies

255 1845 295 1906 ad
321 1864 432 1927 pacem
456 1859 636 1927 prorogata.
1298 1844 1299 1847 ’

361 1950 440 2012 Item
464 1970 544 2012 uxor
568 1951 693 2012 Nicolai
721 1951 849 2012 sartoris
880 1951 955 2012 licet
977 1950 1190 2012 Laurentium
1224 1949 1418 2012 frenatorem
1442 1951 1518 2012 cita-

255 2056 349 2134 verit,
371 2071 478 2118 tamen
504 2075 570 2117 non
593 2057 681 2117 venit
708 2076 766 2117 nec
791 2056 886 2119 misit.

361 2163 439 2223 Item
463 2181 556 2222 causa
574 2160 705 2242 Georgii
730 2162 846 2222 sutoris
863 2175 972 2223 contra
989 2162 1115 2223 Mikech
1139 2162 1301 2225 Leunardi
1324 2182 1381 2245 per
1398 2162 1518 2224 Paulek

257 2283 288 2331 et
320 2269 488 2329 Nicolaum
523 2266 720 2329 aurifabrum
751 2266 792 2328 ad
817 2266 926 2328 leriam
959 2282 1078 2329 sextam
1107 2268 1148 2329 ad
1178 2289 1290 2351 pacem
1314 2269 1366 2330 vel
1390 2266 1520 2331 finalem

256 2375 453 2436 decisionem
479 2388 524 2434 est
552 2387 733 2455 prorogata.

363 2480 440 2540 Item
467 2479 601 2560 EgidIus
632 2491 742 2539 contra
766 2478 931 2540 Wissnam
962 2479 1066 2560 primo
1095 2479 1207 2540 citatus
1231 2498 1296 2541 non
1328 2481 1518 2563 comparuit.

364 2585 439 2647 Item
474 2583 650 2665 Gregorius
678 2573 827 2665 vigilator
859 2598 968 2646 contra
1000 2604 1132 2646 uxorem
1165 2585 1400 2648 Franciskouch
1433 2605 1520 2649 com·

257 2711 367 2774 parere
392 2691 539 2767 debebat,
564 2703 595 2751 et
619 2708 684 2750 non
708 2690 795 2751 venit
820 2709 925 2771 neque
949 2690 1044 2752 misit.

365 2797 442 2857 Item
467 2809 581 2856 octavo
606 2794 657 2855 die
675 2794 783 2855 relicta
807 2795 895 2856 Bene
915 2814 972 2876 per
988 2795 1146 2873 Zothlam,
1172 2796 1293 2857 Moram
1318 2811 1349 2859 et
1373 2796 1520 2879 Vynltam

257 2916 367 2963 contra
381 2920 513 2962 uxorem
525 2901 634 2961 Macen
644 2900 826 2981 Vragouich
839 2900 1059 2962 testimonium
1072 2919 1166 2982 super
1174 2901 1341 2983 vituperiis
1353 2901 1520 2983 producet.

366 3008 442 3068 Item
477 3019 591 3066 octavo
623 3005 674 3066 die
708 3005 804 3067 luana
840 3020 949 3067 contra
985 3006 1127 3067 eiusdem
1160 3007 1270 3067 Macen
1302 3025 1433 3068 uxorem
1464 3026 1521 3090 per

260 3113 385 3175 Miltech
410 3112 511 3173 lilium
538 3113 573 3172 L.
591 3125 622 3172 et
646 3111 751 3172 Eliam
768 3111 907 3193 juratum
928 3112 1074 3174 slmiliter
1090 3112 1310 3174 testImonium
1327 3132 1422 3194 super
1439 3113 1521 3174 vitu·

258 3219 354 3300 petiis
378 3217 541 3300 producet.

366 3325 444 3386 Item
469 3335 583 3385 octavo
607 3324 658 3385 die
677 3324 794 3385 Paulus
810 3323 911 3404 Wrag
937 3336 1044 3385 contra
1064 3322 1275 3384 Laurencium
1293 3323 1448 3385 Wardicb
1464 3343 1521 3406 per

258 3449 393 3493 uxorem
419 3430 547 3490 MartIni
565 3448 693 3490 mosnar
710 3443 740 3490 et
765 3448 896 3490 uxorem
915 3429 960 3491 St.
983 3428 1171 3490 Radeouich
1188 3430 1408 3491 testimonium
1425 3449 1522 3513 super

258 3555 309 3615 eo,
332 3535 419 3617 quod
444 3533 527 3596 filins
550 3555 625 3596 suus
649 3554 782 3616 porcum
805 3553 898 3595 suum
924 3534 1137 3615 percussisset,
1160 3536 1325 3617 producet.

364 3640 443 3702 Item
475 3654 589 3701 octavo
620 3640 671 3700 die
705 3640 822 3701 Paulus
853 3639 984 3721 quidam
1008 3661 1040 3700 se
1072 3655 1177 3702 sextus
1208 3661 1302 3722 super
1326 3641 1518 3722 quibusdam

258 3745 349 3812 ferris
371 3746 482 3808 aratris
505 3765 538 3806 se
562 3745 712 3827 expedire
737 3745 988 3824 juramentaliter
1011 3746 1117 3819 debet.

330 3919 336 3931 ,
364 3850 443 3912 Item
475 3850 614 3931 quedam
647 3851 763 3912 mulier
796 3851 990 3913 Heruaticba
1023 3853 1154 3914 nomine
1186 3867 1300 3915 octavo
1328 3852 1379 3915 die
1411 3865 1521 3916 contra

260 3956 354 4018 Iuech
381 3957 412 4018 in
437 3956 523 4018 lurtu
547 3957 642 4017 unius
666 3957 856 4037 manutergii
878 3955 1129 4037 juramentaliter
1154 3957 1249 4020 debet
1272 3959 1431 4040 expedite.

365 4062 443 4123 Item
468 4062 620 4123 dominus
644 4061 780 4144 Mykech
805 4062 964 4123 Francisci
989 4063 1020 4122 In
1042 4063 1180 4144 presenti
1203 4062 1323 4144 judicIo
1347 4077 1456 4125 contra
1474 4063 1521 4127 St.

260 4167 398 4246 juratum
423 4187 519 4248 agere
544 4181 578 4228 ut
601 4181 689 4228 actor
713 4167 860 4245 debebat,
885 4181 916 4229 et
939 4187 1005 4228 non
1030 4169 1117 4230 venit
1140 4187 1244 4249 neque
1269 4169 1356 4231 misit
1378 4168 1520 4250 aliquem

260 4274 300 4336 ad
324 4273 496 4354 agendum,
520 4292 575 4354 per
599 4274 704 4354 ipsum
728 4272 773 4335 St.
796 4293 886 4335 more
909 4274 1003 4335 solito
1028 4287 1218 4356 expectatus.

367 4379 443 4441 Item
470 4377 548 4440 leria
572 4392 658 4440 sexta
682 4394 813 4440 ventura
838 4380 1011 4462 Jurglynus
1034 4393 1142 4441 contra
1166 4379 1249 4441 filios
1273 4379 1391 4442 Cemer
1407 4397 1520 4461 quem·

261 4485 335 4546 dam
359 4485 577 4546 Teutonicum
602 4483 641 4544 ad
665 4483 821 4545 iudIcium
845 4496 981 4546 statuere
1005 4498 1130 4546 tenetur
1158 4500 1188 4547 et
1211 4485 1391 4567 assumpsit.

366 4583 444 4651 Item
463 4589 612 4671 quitquid
629 4590 739 4651 Mareu
754 4588 816 4650 fide
829 4610 885 4651 sua
898 4589 1060 4652 mediante
1069 4605 1181 4653 ‘contra
1196 4590 1366 4652 Nicolaum
1383 4589 1520 4652 condam

261 4695 399 4774 judicem
424 4693 503 4756 seria
526 4709 613 4757 sexta
630 4695 784 4777 quasdam
808 4698 914 4757 trabes
930 4696 1037 4758 valere
1062 4696 1185 4775 dixerit,
1209 4696 1271 4758 hoc
1288 4696 1522 4779 ipseNicolaus

261 4799 425 4884 qnondam
451 4798 546 4880 judex
571 4801 630 4862 nst
655 4801 779 4863 sonere
802 4801 944 4864 debent.
1488 4784 1490 4788 “

367 4904 380 4920 “
414 4922 445 4969 m
469 4907 587 4990 Mykus
607 4907 707 4968 tercio
732 4906 845 4969 citatus
868 4920 977 4970 contra
1002 4906 1048 4971 St.
1072 4906 1211 4992 Saluych
1242 4927 1308 4970 noa
1330 4909 1523 4991 comparuit.
