3488 5250
241 339 302 402 3²²
605 318 804 398 Anno1363.
832 353 872 366 -
897 317 950 380 28.
974 321 1144 383 novemdial.

345 530 424 593 ltem
448 530 588 594 Bedicha
612 530 754 593 necundo
771 530 885 594 citatur
909 543 1018 595 contra
1043 530 1162 594 Miclau
1184 551 1251 594 non
1268 531 1457 614 comparuit.

346 636 424 700 ltem
440 656 535 701 cauea
551 635 769 702 Ferekouiebe
786 649 817 699 et
830 635 915 699 Petri
928 634 1098 699 frenatoria
1111 649 1159 700 ert
1173 635 1215 700 ad
1227 656 1340 719 pacem
1355 636 1502 701 deducta.

343 741 421 806 Item
447 743 564 824 Brayra
588 743 694 825 primo
721 741 835 806 citatur
866 754 975 805 contra
1008 740 1135 823 Sugech
1165 761 1231 805 non
1261 743 1448 827 comperuit
1472 756 1503 806 et

240 849 343 910 Kursa
366 848 522 911 similiter.

342 953 422 1017 Item
446 953 523 1017 luen
548 953 722 1017 Ztrelaricb
753 953 860 1037 primo
891 953 1004 1018 citatus
1035 967 1145 1018 conua
1168 952 1349 1017 iohannem
1373 952 1502 1017 fratrem

237 1059 357 1123 Cemer
379 1079 445 1122 non
473 1060 663 1142 comperuit.

344 1166 422 1227 item
461 1166 537 1247 quia
571 1165 657 1247 Span
689 1184 745 1246 per
775 1178 914 1246 quatuor
947 1184 1158 1247 personarum
1188 1165 1411 1229 attentacionee
1442 1184 1501 1247 pro

238 1271 380 1336 nuncin
404 1271 545 1334 redacim
568 1269 697 1335 florenis
721 1285 752 1333 et
776 1270 925 1352 primitur
947 1284 982 1334 ut
1010 1271 1162 1353 scriptum
1187 1283 1234 1335 eat
1256 1290 1315 1334 auo
1339 1270 1501 1335 mediante

239 1377 418 1458 juramento
434 1377 468 1438 in
484 1377 513 1439 X
526 1375 656 1438 florenis
671 1389 702 1437 et
718 1396 784 1438 uno
800 1395 899 1459 porco
912 1376 1112 1439 Demetrium
1127 1390 1336 1440 mercatorem
1348 1392 1501 1458 tanquam
1538 1409 1543 1419 ·

237 1503 297 1566 pro
319 1498 396 1545 tunc
419 1496 548 1565 recepto
570 1482 709 1545 termino
733 1501 798 1545 non
823 1495 1062 1564 comparentem
1086 1482 1242 1564 legittime
1266 1482 1499 1565 comprobavit,

237 1588 312 1651 ideo
325 1588 542 1651 deliberamus
560 1589 647 1671 ipeoa
662 1587 765 1651 XXVI
784 1587 923 1651 florenos
943 1588 1003 1669 ipai
1018 1587 1104 1670 Spen
1120 1607 1222 1670 ueque
1239 1588 1418 1670 quindenas
1431 1607 1501 1670 per-

238 1694 411 1757 solvendos
426 1714 462 1755 ac
479 1713 617 1775 porcum
634 1694 739 1776 ipsum
756 1694 1007 1771 restituendum3
1024 1695 1186 1756 ethorum
1203 1694 1233 1756 X
1250 1693 1447 1756 florenorum
1464 1713 1500 1755 ac

238 1800 327 1882 porci
352 1799 630 1865 adiudicacionem
662 1801 730 1883 ipae
754 1799 936 1863 Demetriua
966 1798 1007 1863 ad
1038 1812 1112 1863 octo
1140 1800 1209 1863 dies
1239 1801 1279 1863 ad
1303 1801 1501 1882 presenciam

238 1904 381 1988 judicum
405 1906 612 1988 antiquorum
640 1906 824 1989 appellavit.

345 2013 424 2073 ltem
448 2011 524 2093 quia
549 2012 659 2072 Petrus
681 2011 810 2093 piliator
834 2024 945 2073 contra
967 2008 1125 2072 famulum
1150 2010 1221 2073 Elie
1245 2031 1341 2093 super
1363 2012 1421 2073 XL
1446 2011 1501 2072 de-

239 2118 336 2180 nariis
359 2117 485 2200 juravit,
509 2117 584 2181 ideo
607 2118 694 2199 ipaoa
716 2117 774 2179 XL
802 2115 951 2179 denarios
978 2135 1080 2198 ueque
1102 2117 1282 2199 quindenas
1298 2136 1356 2199 per
1379 2116 1501 2179 dictum

240 2223 345 2285 Ellam
369 2223 519 2284 duximus
546 2222 786 2304 persolvendos.

345 2329 425 2391 ltem
448 2348 542 2390 causa
567 2328 650 2389 Petri
668 2327 841 2389 Teutonici
865 2341 897 2390 et
918 2326 1047 2389 Thome
1071 2326 1129 2390 filii
1147 2326 1265 2391 Cemer
1280 2327 1321 2390 ad
1343 2340 1416 2391 octo
1433 2326 1502 2388 diea

239 2436 280 2497 ad
304 2434 432 2496 finalem
457 2434 653 2495 decisionem
678 2445 724 2494 est
747 2447 927 2514 prorogata.

345 2541 423 2602 item
440 2559 542 2620 usque
565 2537 678 2602 feriam
694 2539 826 2602 terciam
843 2538 988 2602 Cerneclt
1002 2559 1074 2602 cum
1093 2539 1197 2602 Draxe
1212 2552 1311 2622 ponet
1327 2539 1501 2616 racionem,

240 2659 271 2708 et
295 2647 327 2706 in
352 2665 417 2727 quo
435 2645 613 2706 remanebit
636 2663 737 2726 usque
754 2643 934 2725 quindenas
950 2643 1075 2706 solvere
1091 2645 1252 2708 tenebitur
1267 2645 1327 2727 ipsi
1344 2643 1501 2708 Cernech.

347 2751 425 2812 ltem
451 2751 522 2811 Elia
546 2769 661 2832 parvua
684 2749 789 2831 primo
813 2749 927 2812 citatus
950 2762 1060 2811 contra
1084 2749 1220 2812 Paulum
1248 2749 1410 2813 Leunerdi
1435 2769 1515 2819 non,

238 2858 427 2939 comparuit.

349 2961 427 3023 Item
451 2962 539 3023 Elias
566 2959 649 3022 lilius
680 2959 827 3023 Absurch
858 2961 963 3042 primo
994 2962 1107 3025 citatus
1130 2977 1240 3025 contra
1272 2963 1403 3026 Matium
1434 2982 1501 3026 non

236 3068 429 3149 comparuit.

345 3174 423 3234 Item
448 3173 600 3234 Nicolaus
623 3191 758 3253 magnus
782 3185 891 3233 contra
917 3173 1024 3234 Petres
1057 3174 1162 3255 primo
1186 3175 1299 3236 citatus
1322 3193 1388 3236 non
1411 3193 1499 3237 com·

153 3263 155 3267 ⁵
239 3280 354 3361 paruit.

344 3385 422 3446 ltem
446 3384 551 3466 primo
575 3382 695 3462 judicio
720 3397 792 3466 poat
816 3385 1020 3447 Nativitatem
1046 3385 1228 3448 Demetrius
1251 3387 1425 3469 quemdam
1441 3387 1499 3450 ho·

239 3490 360 3552 minem
385 3504 495 3551 contra
519 3489 698 3551 iohannem
723 3489 819 3552 debet
842 3504 981 3552 statuere
1003 3492 1044 3552 ad
1068 3492 1236 3556 iusticiam.

344 3596 423 3656 ltem
455 3595 587 3673 Trosth‚
620 3596 783 3676 lurglinus
814 3595 945 3676 juratus,
978 3597 1089 3659 Petrus
1120 3598 1259 3679 piliator,
1292 3599 1336 3662 St.
1368 3599 1500 3681 juratur,

239 3700 365 3763 Mikech
389 3700 473 3761 filius
498 3700 641 3779 Franche
666 3715 697 3762 et
720 3701 805 3762 Mixa
829 3700 1068 3765 fideiubuerunt
1094 3724 1155 3785 pro
1177 3705 1334 3786 Jurglyno
1350 3704 1498 3788 pellifiee.

423 3938 517 4019 Nota.
546 3940 654 4009 tercia
682 3939 766 4010 leria
795 3949 873 4010 ante
900 3940 1021 4011 festum
1050 3943 1139 4013 beati
1170 3939 1310 4013 Andree.

731 4089 797 4166 (28.
820 4093 1003 4168 novembris).

344 4228 451 4290 Primo
480 4229 617 4291 Michael
649 4228 739 4291 faber
769 4247 877 4293 contra
909 4231 1171 4294 archidiaconum
1203 4233 1433 4297 dubicbensem
1457 4235 1500 4297 ed

237 4345 313 4394 octo
334 4333 402 4395 dies
425 4335 599 4396 terminum
623 4336 741 4416 recepit
765 4337 991 4416 respondendi.

343 4438 421 4499 ltem
447 4459 626 4522 causaque
651 4443 783 4502 vertitur
805 4442 887 4503 inter
912 4443 1041 4504 Petrum
1065 4443 1256 4505 frenatorem
1281 4459 1312 4507 et
1335 4445 1500 4509 Thomam

238 4543 278 4604 ad
302 4557 375 4606 octo
401 4546 468 4607 dies
492 4560 538 4607 est
562 4547 698 4609 deducta
723 4547 763 4608 ad
788 4567 911 4629 parem.

343 4651 420 4712 ltem
445 4653 667 4714 universorum
685 4654 888 4714 causancium
905 4654 1052 4715 universe
1076 4674 1169 4718 cauae
1186 4656 1226 4718 ad
1250 4655 1362 4718 leriam
1377 4670 1500 4719 sextam

237 4769 312 4816 aunt
334 4772 514 4838 prorogate.
