3488 5250
639 336 727 393 Anno
750 332 839 411 1356.
864 370 907 378 -
929 346 958 411 7.
975 337 1068 412 siculi.
1445 351 1481 411 53

221 554 315 640 Nota,
345 555 432 643 quod
461 554 546 625 feria
576 554 684 625 tercia
711 556 866 641 proxima
895 561 972 624 ante
1005 560 1144 625 octavas
1172 553 1250 622 festi
1270 549 1485 623 ascensionis

787 679 921 747 domini.

769 834 810 905 (7.
826 831 933 906 junii).

325 986 404 1047 Item
428 1006 522 1049 causa
547 1007 611 1068 que
636 987 768 1049 vertitur
792 986 874 1048 Inter
892 986 1072 1047 Iohannem
1096 985 1276 1047 Barbacum
1299 998 1330 1046 et
1353 985 1483 1046 Petrum

219 1090 321 1153 filium
345 1091 502 1154 Valterini
527 1092 567 1154 ad
592 1111 706 1174 pacem
730 1104 776 1153 est
798 1104 970 1174 prorogata
994 1090 1034 1152 ad
1058 1090 1127 1151 VIII
1145 1090 1224 1167 dies,
1249 1090 1328 1151 etsi
1352 1107 1482 1151 concor·

219 1196 294 1258 dare
326 1218 393 1260 non
423 1211 585 1279 poterunt,
617 1213 694 1260 tunc
725 1199 792 1279 ipse
823 1211 917 1260 testea
940 1197 1113 1279 producat:
1137 1197 1244 1275 Bene,
1274 1195 1429 1258 Mathiam
1453 1208 1484 1257 et

220 1301 410 1365 Johannem.

325 1408 404 1470 Item
429 1408 591 1470 Johannes
615 1408 775 1470 Barbacus
793 1421 903 1470 contra
920 1408 1030 1469 Maren
1054 1421 1168 1469 octavo
1193 1407 1245 1468 die
1268 1420 1394 1470 tenetur
1410 1427 1483 1489 pro·

218 1527 333 1575 testare
358 1513 561 1597 superfacto
595 1514 745 1596 vituperii
776 1534 833 1597 per
863 1513 993 1575 Petrum
1024 1511 1153 1574 fratrem
1185 1513 1262 1574 laxe
1286 1527 1317 1574 et
1339 1513 1483 1575 Blasium

218 1620 457 1683 stacionarium.

325 1726 404 1787 Item
418 1725 555 1788 Michael
571 1726 702 1809 Hudlep
715 1739 823 1788 contra
836 1723 969 1787 Anhech
980 1725 1085 1805 prImo
1095 1723 1207 1785 citatus
1215 1743 1281 1786 non
1292 1726 1481 1806 comparuit.

325 1831 404 1892 Item
428 1830 514 1914 Syda
539 1845 666 1894 tenetur
689 1844 803 1893 octavo
819 1831 871 1891 die
888 1843 953 1891 met
969 1830 1065 1891 tercia
1089 1842 1200 1891 contra
1224 1829 1405 1891 Iohannem
1431 1851 1483 1892 su-

218 1949 320 1998 torem
346 1937 508 2019 deponere
533 1937 749 2017 juramentum
773 1957 867 2019 super
890 1936 1085 1998 verberibus.

324 2043 403 2104 Item
427 2063 522 2106 causa
547 2062 611 2124 que
635 2043 768 2105 vertitur
790 2043 872 2104 inter
900 2043 1010 2103 Maren
1043 2040 1224 2104 carnificem
1247 2055 1278 2104 et
1302 2042 1482 2105 Fabianum

218 2147 258 2209 ad
283 2168 396 2229 pacem
421 2169 439 2211 a
463 2147 542 2210 feria
566 2163 654 2211 sexta
678 2148 718 2210 ad
742 2149 838 2210 aliam
862 2161 909 2209 est
931 2160 1112 2230 prorogata.

325 2254 404 2315 Item
419 2254 565 2317 Andreas
590 2253 679 2315 faber
699 2268 809 2316 contra
830 2252 930 2336 Otlyn
949 2253 1052 2334 primo
1077 2254 1190 2315 citatus
1210 2273 1275 2315 non
1294 2255 1481 2336 comparuit.

327 2359 405 2421 Item
429 2379 523 2422 causa
547 2360 726 2442 juratorum
750 2374 781 2422 et
804 2360 843 2422 N.
868 2359 1020 2422 aurifabri
1045 2360 1085 2421 ad
1116 2373 1189 2422 octo
1215 2360 1282 2422 dies
1305 2360 1344 2422 ad
1369 2382 1482 2444 pacem

219 2479 266 2526 est
289 2480 427 2547 recepta.

325 2572 402 2633 Item
427 2591 520 2634 causa
545 2592 607 2653 que
625 2573 756 2634 vertitur
780 2573 861 2634 inter
884 2571 1076 2634 Michaelem
1100 2571 1203 2634 filium
1228 2572 1272 2635 St.
1299 2586 1330 2634 et
1348 2573 1482 2635 Piulcam

218 2678 258 2738 ad
282 2697 392 2758 pacem
419 2677 459 2739 ad
483 2691 557 2739 octo
582 2677 650 2739 dies
674 2690 721 2739 est
743 2691 924 2760 prorogata.

324 2782 401 2844 Item
423 2802 517 2844 causa
541 2803 606 2864 que
629 2784 762 2845 vertitur
782 2784 863 2845 inter
886 2785 993 2845 Petres
1009 2782 1189 2865 loripedem
1213 2797 1244 2844 et
1267 2802 1402 2845 uxorem
1425 2784 1481 2845 Al·

218 2890 299 2951 berti
322 2890 450 2953 litterati
475 2890 516 2951 ad
540 2904 613 2952 octo
637 2890 705 2952 dies
728 2889 768 2951 ad
792 2909 904 2971 pacem
933 2904 979 2951 est
1001 2907 1183 2972 prorogata.

326 2995 404 3058 Item
429 2995 575 3057 Thomas
605 2996 761 3057 litteratus
792 3010 901 3059 contra
933 2995 1076 3057 Kussech
1109 2993 1307 3057 autllabrum
1337 2993 1377 3056 ad
1408 3009 1481 3057 octo

219 3101 286 3163 dies
310 3102 430 3184 recepit
451 3101 626 3163 terminum
651 3101 690 3163 ad
716 3101 987 3184 respondendum.

324 3207 402 3269 Item
427 3207 550 3268 Obram
571 3206 666 3268 Zolar
678 3207 782 3290 prImo
799 3206 919 3287 judicio
943 3219 1015 3289 post
1031 3208 1243 3268 Pentekosten
1266 3218 1392 3267 tenetur
1408 3226 1481 3287 pro·

217 3325 331 3374 testare
352 3332 409 3393 per
422 3312 578 3393 Jagodam
592 3326 623 3374 et
636 3310 830 3395 GregorIum
850 3311 1069 3373 balneatorem
1081 3325 1190 3374 contra
1207 3330 1340 3373 uxorem
1354 3311 1478 3374 Gratar.

322 3418 400 3478 Item
424 3417 500 3479 Iuan
519 3416 622 3498 Galga
637 3418 742 3500 prImo
758 3417 879 3500 judicio
901 3431 973 3499 post
990 3417 1200 3478 Pentekosten
1224 3429 1350 3479 tenetur
1373 3434 1481 3499 prote-

217 3539 298 3585 stare
333 3543 391 3606 per
425 3523 502 3585 Iuan
539 3537 570 3586 et
605 3522 692 3586 Otho
728 3536 837 3585 contra
873 3524 983 3585 Punelr
1015 3543 1111 3604 super
1145 3523 1333 3605 recepcione
1373 3524 1482 3605 palum

218 3628 403 3690 vinealium.

323 3735 401 3796 Item
425 3754 520 3797 causa
537 3754 600 3816 que
617 3735 750 3796 vertitur
773 3735 855 3796 Inter
871 3734 1001 3796 Petrum
1025 3733 1127 3795 filium
1144 3733 1256 3795 decani
1274 3747 1304 3795 et
1329 3733 1371 3798 G.
1387 3735 1481 3796 Ztau-

217 3841 292 3902 nich
316 3841 355 3902 ad
380 3854 453 3902 octo
478 3841 546 3902 dies
570 3839 609 3901 ad
633 3859 745 3923 pacem
770 3853 816 3902 est
840 3852 1021 3922 prorogata.

323 3947 402 4008 Item
439 3946 556 4008 Petrilo
596 3960 705 4008 contra
745 3944 871 4007 Malech
909 3943 1083 4026 pellificem
1115 3945 1220 4026 primo
1262 3944 1375 4005 citatus
1414 3963 1479 4006 non

218 4054 406 4136 comparuit.

324 4160 402 4221 Item
426 4159 606 4222 MalchIcha
625 4158 837 4221 Kuzminicha
861 4172 971 4221 contra
988 4157 1033 4220 St.
1057 4158 1141 4220 tular
1168 4158 1274 4238 prImo
1298 4157 1392 4219 citata
1415 4176 1481 4218 non

217 4267 407 4348 comparuit.

324 4372 401 4433 Item
417 4372 555 4433 Iacobus
572 4371 776 4452 apotelrarius
789 4385 899 4433 contra
914 4370 1086 4432 Nicolaum
1098 4369 1360 4432 archidiaconum
1375 4370 1481 4452 primo

217 4478 338 4539 iudicio
361 4490 434 4559 post
457 4478 666 4538 Pentekostes
687 4490 813 4538 tenetur
836 4477 1040 4559 respondere.

323 4582 402 4643 Item
430 4581 509 4644 feria
541 4582 638 4644 tercia
669 4582 813 4664 proxima
846 4582 1008 4643 Marketus
1038 4600 1112 4643 cum
1142 4582 1182 4645 N.
1205 4594 1331 4643 tenetur
1362 4600 1481 4662 ponere

217 4689 378 4750 racionem
403 4700 434 4749 et
458 4688 563 4770 primo
588 4687 709 4768 judicio
732 4701 859 4751 tenetur
881 4685 984 4749 lacere
1001 4686 1195 4748 relacionem
1221 4686 1321 4767 ipsius
1345 4686 1482 4749 racionis

216 4793 427 4874 posicionem.
