3488 5250
635 339 721 396 Anno
744 350 831 414 1355.
856 374 900 382 —-
923 352 974 414 19.
997 340 1086 399 maii.
1461 360 1498 423 ¹7

338 546 416 608 item
439 548 553 629 Artuig
569 546 648 609 feria
664 562 749 610 sexta
774 548 870 610 debet
885 548 1025 630 recipere
1048 567 1143 630 super
1159 548 1257 611 fidem
1273 570 1367 632 super
1384 551 1493 632 aliqua

233 653 375 734 pecunia
399 666 508 715 contra
533 653 567 715 P.
592 651 721 715 fratrem
745 655 831 717 Jaxe.

338 758 414 821 ltem
439 760 479 821 N.
503 758 588 821 filius
603 760 757 822 Valterini
775 773 884 823 contra
901 760 1027 823 Mikech
1046 760 1149 824 filium
1167 762 1336 825 Lewnardi
1353 761 1495 824 secundo

233 863 347 925 citatus
370 884 435 926 non
464 866 654 948 comparuit.

338 971 416 1032 Item
441 971 584 1033 Francha
609 985 718 1033 contra
743 971 870 1032 Kusech
894 972 999 1055 primo
1023 973 1136 1035 citatus
1160 993 1226 1036 non
1251 974 1440 1056 comparuit.

338 1093 415 1155 ltem
441 1093 571 1177 Mathey
587 1094 639 1156 die
663 1108 776 1157 octavo
793 1094 888 1157 debet
900 1095 1062 1177 deponere
1079 1096 1293 1158 iuramentum
1311 1098 1495 1159 mettercius

233 1213 342 1261 contra
367 1200 478 1262 Maren
502 1220 597 1284 super
622 1198 706 1262 furtu
731 1201 826 1262 unius
850 1201 1010 1283 leporarii.

338 1306 416 1368 Item
441 1307 552 1368 Petrus
565 1320 653 1368 sutor
669 1319 778 1368 contra
796 1306 960 1370 Donatum
976 1308 1081 1389 primo
1098 1308 1211 1370 citatus
1223 1327 1287 1370 non
1305 1309 1495 1391 comparuit.

339 1411 415 1474 Item
441 1411 536 1492 iwan,
560 1410 655 1474 frater
679 1412 816 1492 Crisani,
848 1427 957 1475 contra
988 1412 1131 1475 Francha
1165 1414 1270 1497 primo
1294 1416 1407 1477 citatus
1430 1433 1495 1476 non

234 1518 423 1601 comparuit.

337 1626 416 1687 Item
438 1625 547 1687 relicta
572 1625 680 1686 Jurich
705 1640 814 1687 contra
839 1624 1003 1687 dominam
1032 1625 1176 1687 relictam
1202 1625 1365 1687 Benedicti
1391 1626 1496 1708 primo

235 1731 327 1792 citata
352 1751 418 1793 non
441 1731 631 1813 comparuit.

338 1838 416 1899 item
440 1837 603 1916 Nicolaus,
628 1835 713 1899 filius
737 1837 830 1918 Bolg,
853 1836 878 1897 si
903 1855 1005 1917 usque
1030 1835 1114 1897 diem
1139 1850 1287 1898 octavum
1313 1837 1496 1918 proximum

233 1963 328 2005 suum
352 1962 425 2006 cum
449 1943 600 2006 Anchech
625 1941 787 2005 aurifabro
810 1942 1006 2005 concordare
1036 1943 1164 2024 poterit,
1186 1942 1235 2004 sin
1259 1956 1377 2021 autem,
1409 1942 1493 2023 quit-

234 2049 313 2130 quid
338 2049 377 2111 ad
402 2048 497 2110 fidem
522 2049 669 2132 reciperit
692 2047 844 2111 Anchech
869 2048 1079 2130 supradictus.

338 2154 415 2216 ltetn
440 2154 475 2216 P.
500 2155 596 2216 Zolar
619 2169 728 2217 contra
753 2156 864 2216 Mareu
895 2156 1037 2216 secundo
1069 2155 1182 2216 citatus
1214 2175 1278 2216 non
1305 2155 1494 2237 comparuit.

392 2390 489 2464 Faria
518 2394 624 2464 tercia
652 2393 807 2482 proxima
835 2402 913 2464 ante
940 2393 1064 2464 festum
1093 2393 1338 2465 Pentechostes.

779 2534 842 2603 (19.
866 2526 957 2602 mair).

336 2683 414 2746 ltern
439 2685 559 2766 Ztepan
584 2697 693 2746 contra
717 2684 860 2747 Blasium
885 2682 962 2746 feria
985 2696 1072 2746 sexta
1096 2685 1192 2748 debet
1215 2685 1419 2767 respondere.

338 2790 416 2854 item
439 2789 636 2873 Meynardus
660 2803 768 2852 contra
786 2790 929 2852 Francha
946 2791 1143 2852 sacerdotem
1169 2791 1274 2873 primo
1298 2791 1411 2853 citatus
1429 2812 1494 2854 non

231 2897 420 2981 comparuit.

338 3003 416 3066 item
440 3022 534 3066 causa
558 3003 666 3064 uxoris
683 3002 758 3064 Selk
782 3016 813 3064 et
829 3002 984 3065 Johannis
1000 3003 1266 3065 molendinatoris
1290 3022 1392 3085 usque
1409 3003 1494 3066 diem

231 3120 380 3171 octavum
405 3109 444 3170 ad
468 3127 580 3191 pacem
603 3120 650 3171 est
673 3122 854 3190 prorogata.

335 3214 414 3277 Item
438 3234 532 3277 causa
553 3215 675 3276 Mareni
701 3227 732 3276 et
756 3213 881 3277 Malech
903 3233 1003 3296 usque
1032 3214 1120 3276 diem
1144 3228 1292 3276 octavum
1317 3214 1357 3275 ad
1382 3234 1493 3296 pacem

234 3333 280 3381 est
303 3334 484 3402 prorogata.

338 3425 414 3488 ltem
440 3426 552 3489 Petrus
575 3426 703 3509 piliator
727 3426 779 3488 die
804 3439 918 3488 octavo
946 3426 1041 3488 debet
1071 3426 1292 3488 testimonium
1316 3427 1495 3510 producere

230 3550 304 3593 cum
328 3531 503 3612 Demetrio,
527 3531 655 3594 Andrea
673 3547 703 3595 et
726 3532 812 3596 Iwan
835 3531 929 3594 fratre
956 3531 1050 3594 Krirre
1067 3546 1177 3594 contra
1195 3532 1407 3594 Malchicham
1424 3553 1494 3594 mu·

236 3636 347 3699 lierem
372 3657 467 3721 super
490 3637 574 3700 facto
598 3638 757 3720 vituperii.

336 3743 415 3805 Item
440 3743 618 3806 Malchicha
641 3743 768 3822 mulier,
792 3763 872 3804 uxor
902 3742 1032 3821 Cosme,
1049 3743 1102 3804 die
1119 3757 1234 3805 octavo
1259 3742 1353 3805 debet
1376 3743 1495 3825 produ-

231 3867 302 3909 cere
325 3848 546 3910 testimonium
571 3868 644 3910 cum
668 3867 766 3910 uxore
798 3849 926 3929 Dragan
958 3863 988 3911 et
1020 3867 1118 3910 uxore
1142 3848 1255 3910 Briccii
1279 3861 1388 3910 contra
1412 3849 1495 3910 Mar-

230 3953 334 4016 tinum
358 3968 499 4017 sutorem
523 3974 618 4037 super
641 3954 796 4017 effusione
820 3955 994 4036 sanguinis.

338 4059 415 4122 ltem
449 4061 612 4122 Johannes
642 4060 886 4123 archidiaconus
917 4060 957 4123 de
993 4060 1133 4122 Warosd
1176 4059 1346 4122 exhibebat
1375 4059 1496 4121 litteras

231 4165 440 4247 obligatorias
464 4181 573 4228 contra
591 4166 729 4246 Mikech,
745 4166 848 4229 filium
862 4165 1006 4228 Franche
1023 4180 1053 4228 et
1071 4167 1262 4227 Markettum
1287 4163 1495 4243 aurifabrum,

231 4291 327 4355 super
337 4273 455 4354 quibus
467 4273 617 4335 omnibus
628 4293 736 4335 coram
745 4274 838 4335 nobis
851 4273 923 4335 viva
938 4293 1015 4335 voce
1029 4272 1146 4334 redidit
1159 4273 1285 4354 penitus
1298 4271 1495 4355 expeditum.

337 4376 415 4440 ltem
438 4379 547 4441 relicta
584 4378 749 4440 Michaelis
777 4379 997 4440 subsoliatoris
1020 4391 1130 4440 contra
1154 4378 1291 4439 Bartuch
1323 4377 1427 4459 primo
1452 4377 1496 4439 ci-

232 4494 296 4546 tata
320 4503 386 4545 non
410 4485 599 4566 comparuit.

338 4589 415 4651 ltem
449 4591 600 4651 dominus
632 4590 806 4673 Dyonisius
837 4589 1080 4652 archidiaconus
1113 4590 1152 4651 de
1185 4589 1320 4650 Kemlek
1361 4589 1496 4650 asseruit

232 4694 292 4756 sibi
318 4694 508 4757 Michaelem
534 4695 724 4776 Hungarum
750 4695 789 4757 de
813 4697 884 4758 vico
909 4696 1097 4758 Latinorum
1122 4696 1154 4757 in
1179 4695 1286 4776 aliqua
1318 4695 1494 4775 quantitate

233 4800 367 4883 pecunie
391 4801 581 4880 debitorem,
613 4816 644 4863 et
675 4800 800 4863 dicebat
831 4802 980 4864 habuisse
1012 4801 1132 4862 litteras
1165 4800 1382 4882 obligatorias,
1407 4800 1493 4862 unde

1389 4925 1406 4967 2
