3488 5250
618 374 818 452 Ann01363.
843 410 885 420 -
908 391 936 436 1.
961 380 1087 450 angrarii.
1423 396 1484 460 297

327 584 405 646 Item
436 585 589 646 Nicolaus
624 584 784 648 aurifaber
819 601 928 648 contra
960 586 1099 669 judicem
1134 588 1239 669 primo
1274 588 1387 650 citatus
1418 608 1483 650 non

222 692 412 774 comparuit.

327 796 405 858 Item
430 796 515 857 idem
540 810 649 858 contra
675 798 786 859 Mareu
810 797 915 878 prImo
942 798 1055 858 citatus
1079 817 1144 859 non
1169 799 1357 881 comparuit.

327 902 403 964 Item
429 902 546 964 Paulus
578 917 687 965 contra
717 902 794 964 Iuan
824 901 953 965 fratrem
986 923 1079 966 suum
1104 904 1144 965 ad
1168 918 1242 966 octo
1275 906 1343 966 dies
1367 905 1486 987 recepit

221 1008 394 1069 termInum
418 1009 644 1089 respondendi.

327 1114 404 1175 Item
436 1116 563 1176 Marcus
595 1115 760 1176 Bobkonis
791 1128 900 1176 contra
933 1115 1102 1176 Nicolaum
1134 1116 1239 1199 primo
1272 1117 1384 1177 citatus
1418 1134 1483 1176 nou

186 1279 189 1283 ,
221 1221 410 1301 comparuit.

327 1325 403 1387 Item
430 1325 571 1388 Cusaech
588 1324 747 1387 aurifaber
762 1325 868 1407 prImo
885 1326 999 1387 citatus
1022 1341 1132 1388 contra
1151 1327 1195 1389 St.
1213 1346 1278 1389 non
1296 1328 1484 1408 comparuit.

327 1430 404 1492 Item
429 1431 506 1492 luan
532 1430 672 1493 famulus
695 1432 803 1493 Jurich
818 1433 930 1514 prImo
949 1432 1062 1494 citatus
1086 1447 1194 1494 contra
1220 1434 1394 1495 Martinam
1418 1454 1482 1496 non

221 1537 411 1619 comparuit.
1301 1537 1303 1540 ’

327 1642 421 1721 Nota,
445 1643 534 1723 quod
550 1662 610 1704 nos
634 1656 759 1704 maturo
776 1641 954 1704 deliberato
971 1643 1105 1705 consilio
1129 1644 1329 1705 decrevimus
1346 1645 1483 1708 Insulam

221 1746 443 1825 Nemorosam,
459 1768 560 1830 prope
576 1748 687 1809 villam
704 1761 846 1810 nostram
859 1749 984 1810 Novam
1002 1750 1217 1828 constitutam,
1235 1751 1362 1812 racione
1381 1749 1483 1814 Iortil·

224 1851 287 1912 iicii
320 1852 546 1934 jobagionibus
577 1854 692 1915 nostris
723 1854 763 1914 de
795 1854 907 1915 eadem
940 1855 1016 1916 villa
1051 1854 1295 1917 custodiendam
1330 1858 1417 1918 etin
1447 1878 1484 1920 ea

220 1957 405 2039 indaginem
437 1957 620 2020 iaciendum
651 1960 712 2037 ita,
745 1972 778 2020 ut
810 1959 1006 2041 quicumque
1037 1960 1077 2020 ad
1109 1961 1315 2022 mactandum
1347 1961 1482 2024 eandem

220 2064 344 2125 venerit
373 2078 404 2125 et
438 2085 495 2146 per
530 2065 671 2146 aliquem
708 2063 913 2146 jobagionem
947 2065 1163 2146 predictorum
1199 2067 1347 2129 inventus
1377 2066 1483 2149 Iuerit,
1588 2057 1593 2063 ’

221 2169 354 2250 pignore
379 2169 489 2234 debito
513 2171 553 2232 sit
576 2170 768 2253 privandus;
786 2170 916 2252 jobagio
939 2190 1016 2235 vero
1040 2170 1080 2232 de
1096 2172 1238 2253 predicta
1263 2172 1350 2252 villa,
1366 2173 1391 2235 si
1412 2175 1484 2256 quis

220 2290 362 2341 mactans
394 2277 542 2339 inventus
572 2275 667 2338 fuerit
699 2276 755 2337 LX
787 2275 936 2338 denarIos
967 2277 1077 2339 comiti
1108 2290 1139 2339 et
1161 2291 1225 2338 tres
1249 2279 1385 2340 cubulos
1415 2279 1483 2340 vini

220 2381 296 2443 ville
320 2382 393 2444 dare
417 2395 573 2444 teneatur.

325 2487 404 2549 Item
435 2508 529 2550 causa
561 2487 627 2550 Cus
659 2501 689 2549 et
722 2487 852 2550 Andree
887 2507 944 2570 per
974 2501 1068 2550 testes
1099 2489 1138 2549 ad
1170 2502 1244 2551 octo
1275 2490 1343 2552 dIes
1367 2504 1413 2552 est
1436 2473 1482 2552 ad

220 2612 331 2675 pacem
356 2609 538 2677 prorogata.

326 2700 404 2762 Item
429 2700 567 2761 Iacobus
583 2713 685 2763 sartor
709 2715 739 2762 et
755 2699 901 2762 Andreas
925 2701 1031 2782 primo
1055 2702 1140 2764 citati
1157 2715 1267 2763 contra
1292 2702 1391 2764 decan
1416 2723 1482 2765 nou

220 2821 478 2889 comparuerunt.

325 2911 405 2974 Item
438 2932 531 2974 causa
569 2912 778 2995 jobagionum
812 2912 851 2974 de
888 2913 1054 2975 Pobressia
1084 2912 1124 2973 ad
1156 2913 1297 2994 primum
1328 2912 1483 2994 judicium

220 3032 292 3100 post
315 3015 432 3080 festum
456 3019 699 3100 Assumpcionis
722 3033 769 3080 est
793 3030 973 3100 prorogata.

327 3124 404 3185 Item
430 3123 600 3185 chhicha
630 3124 839 3186 Zuiztouicha
871 3137 984 3185 octavo
1015 3124 1066 3185 die
1099 3138 1207 3186 contra
1232 3125 1316 3186 Vido
1340 3145 1373 3186 se
1397 3138 1483 3187 sexta

223 3229 255 3290 In
278 3229 471 3310 quibusdam
495 3229 591 3311 lignis
615 3229 710 3291 debet
733 3250 765 3290 se
790 3230 971 3311 juramento
995 3231 1155 3292 mediante
1181 3249 1365 3313 expurgare.

326 3335 403 3397 Item
428 3355 521 3397 causa
548 3334 679 3418 Georgii
703 3336 819 3397 sutoria
836 3350 867 3397 et
891 3335 1018 3397 Mllrech
1042 3335 1099 3397 filii
1120 3336 1291 3413 leonardi,
1317 3336 1392 3417 quia
1416 3337 1482 3419 ipse

221 3442 266 3502 M.
293 3440 413 3503 dictum
439 3440 616 3523 Georgium
638 3460 672 3503 se
688 3441 880 3522 percussisse
897 3442 1078 3523 abnegavit,
1101 3442 1141 3503 ad
1158 3460 1231 3503 octo
1256 3441 1323 3502 dies
1346 3441 1386 3502 ad
1404 3441 1482 3503 deli-

223 3547 425 3608 beracionem
451 3547 627 3626 juratorum
652 3561 698 3608 eat
722 3560 903 3629 prorogata.

326 3653 403 3714 Item
427 3668 541 3715 octavo
566 3654 617 3716 dIe
643 3654 739 3714 Jalrus
763 3668 873 3716 contra
898 3654 1067 3715 Nicolaum
1102 3655 1293 3735 Huugarum
1317 3673 1349 3715 se
1374 3666 1482 3716 sextus

220 3777 315 3840 super
339 3778 389 3834 eo,
413 3759 501 3839 quod
527 3779 600 3820 cum
625 3759 712 3821 nulla
738 3779 769 3820 re
801 3761 905 3821 abeo
938 3760 1105 3837 exulasset,
1130 3779 1188 3822 nec
1220 3761 1280 3821 sibi
1305 3760 1482 3841 dampnum

223 3864 355 3945 aliquod
380 3864 548 3944 intulisset,
573 3864 786 3946 juramentum
812 3866 973 3947 prestabit.

326 3969 404 4031 Item
429 3970 536 4031 Mikus
560 3971 664 4052 prImo
700 3970 812 4032 citatus
844 3985 954 4033 contra
979 3971 1025 4033 St.
1050 3971 1179 4033 Saluich
1204 3991 1268 4032 non
1294 3969 1482 4053 comparuit.

327 4076 403 4137 Item
428 4091 542 4138 octavo
573 4077 624 4137 die
657 4077 695 4139 N.
719 4096 860 4158 ‚arcupar
891 4092 1000 4150 contra
1033 4077 1077 4139 St.
1107 4097 1140 4138 se
1172 4077 1331 4139 secundus
1355 4076 1482 4158 jurabit,

221 4179 308 4261 quod
333 4199 406 4241 eum
432 4200 497 4242 uon
527 4181 719 4263 vituperavit
743 4201 801 4244 nec
832 4184 998 4243 verberare
1024 4183 1144 4261 voluit,
1177 4183 1270 4243 etde
1296 4202 1393 4244 uxore
1426 4203 1481 4244 sua

221 4286 378 4367 justiciam
402 4283 504 4348 iacere
534 4287 639 4348 debet.

326 4391 404 4452 Item
428 4393 504 4473 quia
532 4392 658 4454 Ferlich
684 4392 834 4474 Draghen
859 4394 1039 4457 vulneravit
1062 4394 1316 4475 condempnatus
1347 4408 1394 4456 est
1424 4414 1482 4476 pro

221 4511 308 4580 parte
334 4487 466 4559 adversa
491 4499 523 4559 io
548 4498 673 4560 duabus
688 4513 719 4560 et
743 4499 848 4561 media
865 4502 979 4561 marcis
1003 4514 1034 4562 et
1057 4500 1154 4580 judici
1180 4500 1212 4561 in
1237 4500 1342 4561 media
1358 4500 1482 4562 solvere

221 4623 321 4686 usque
346 4604 543 4684 quindenas;
567 4618 683 4667 statuet
702 4617 809 4667 tamen
826 4624 900 4667 eum
926 4606 966 4667 ad
990 4607 1148 4669 iusticiam
1167 4606 1211 4669 St.
1236 4605 1357 4687 juratus
1380 4619 1481 4668 sartor

220 4723 373 4792 tanquam
398 4708 575 4773 fideiussor.

326 4815 404 4877 Item
413 4815 727 4878 PetrusLetouanich
737 4808 843 4898 palmo
856 4815 969 4879 citatus
981 4831 1090 4878 contra
1099 4817 1203 4878 Eliam
1212 4837 1276 4879 nou
1290 4816 1483 4900 comparuit.
