3488 5250
301 316 336 378 18
702 317 898 394 Ann01355.
922 353 965 361 -
992 330 1039 392 19.
1064 317 1143 376 vitali.

295 549 407 590 omnes
430 527 645 608 possessiones
667 547 740 588 suas
764 528 796 588 in
820 528 979 589 territorio
1004 528 1053 588 vel
1080 528 1110 586 in
1128 525 1236 586 medio
1261 523 1359 585 nostri
1385 522 1555 582 existentes

294 634 525 696 avendicione
557 647 587 693 et
618 633 820 713 obligacione
855 648 885 694 et
916 633 1095 695 cuiusmodi
1121 630 1320 692 alienacione
1352 627 1491 689 inhibuit
1522 639 1553 686 et
1613 613 1614 618 ¹

294 740 496 802 contradixit.

399 847 477 907 Item
515 845 650 907 Michael
684 844 772 906 faber
811 858 919 905 contra
951 844 1144 924 Gregorium
1173 841 1316 902 secundo
1348 841 1461 900 citatus
1492 858 1556 898 non

293 953 481 1035 comparuit.

399 1058 477 1122 Item
503 1057 654 1118 dominus
679 1057 840 1118 Johannes
864 1057 1106 1118 archidiaconus
1126 1054 1165 1115 de
1188 1052 1327 1115 Warosd
1352 1070 1466 1112 omnes
1483 1070 1555 1131 pos-

292 1164 448 1225 sessiones
472 1163 619 1224 Marlretti
644 1160 794 1223 aurifabri
819 1183 836 1223 a
861 1162 1062 1239 vendicione‚
1092 1160 1295 1241 obligatione
1320 1173 1350 1218 et
1375 1156 1556 1218 cuiusmodi

292 1271 491 1333 alienacione
515 1288 622 1330 coram
647 1269 741 1330 nobis
768 1268 916 1330 inhibuit.

399 1376 476 1436 Item
502 1373 663 1435 lohannes
687 1374 774 1435 Puch
799 1373 850 1436 die
875 1388 989 1436 oetavo
1015 1373 1109 1435 debet
1133 1373 1353 1435 testimonium
1379 1370 1555 1452 producere

294 1501 367 1542 curn
404 1481 538 1541 Nicolao
571 1480 695 1540 Kordar
727 1492 757 1541 et
789 1480 887 1542 Trost
919 1479 1009 1541 labro
1038 1494 1146 1541 contra
1178 1480 1342 1540 Martenos
1374 1477 1556 1538 sellatorem

292 1607 388 1669 super
413 1584 495 1647 Iacto
520 1586 742 1667 percussionis.

397 1693 474 1753 Item
500 1692 661 1769 Nicolaus,
686 1690 770 1753 lilius
787 1690 953 1768 Valterini‚
978 1691 1029 1752 die
1047 1690 1255 1772 quindecimo
1279 1703 1404 1750 tenetur
1428 1688 1552 1750 solvere

291 1798 430 1876 Mikech,
454 1797 521 1858 filio
546 1797 714 1858 Lewnardi
738 1798 764 1858 L
788 1797 945 1859 denarios

400 1905 477 1966 Item
501 1904 588 1965 Mike
613 1919 769 1966 mercator
792 1916 900 1965 contra
919 1904 1004 1985 Span
1022 1904 1126 1984 primo
1151 1903 1263 1963 citatus
1280 1922 1344 1963 non
1362 1903 1550 1985 comparuit.

395 2011 473 2071 Item
498 2008 582 2070 filius
607 2010 732 2092 Dokley
757 2024 866 2070 contra
890 2029 1021 2070 uxorem
1041 2007 1256 2069 Bartholomei
1282 2005 1362 2067 fabri
1388 2008 1492 2089 primo
1510 2008 1553 2068 ci·

288 2131 371 2178 tatus
396 2136 461 2177 non
485 2116 673 2197 comparuit.

306 2282 311 2294 ,
394 2222 472 2283 Item
497 2222 693 2282 Laurencius
717 2235 826 2282 contra
851 2220 948 2281 Sidalr
974 2219 1115 2280 secundo
1140 2219 1252 2281 citatus
1276 2239 1341 2280 non
1359 2219 1551 2301 comparuit.

396 2328 472 2387 Item
498 2346 591 2387 causa
625 2327 692 2387 Juri
725 2340 755 2388 et
787 2325 876 2387 Pauli
913 2326 952 2386 ad
989 2325 1075 2387 diem
1111 2338 1258 2386 octavum
1294 2325 1333 2386 ad
1359 2345 1470 2407 pacem
1507 2338 1552 2386 est

289 2445 469 2515 prorogata.

393 2539 471 2599 Item
496 2536 633 2598 Michael
658 2536 746 2598 faber
770 2538 821 2598 dle
846 2550 959 2598 octavo
983 2536 1078 2597 debet
1114 2537 1217 2598 iurare
1249 2551 1358 2598 contra
1393 2535 1551 2598 famulum

287 2662 381 2703 suum
406 2662 500 2724 super
524 2642 563 2703 III
592 2643 707 2723 pensis.

392 2749 470 2809 Item
496 2748 604 2809 relicta
630 2748 795 2811 Michaelis
812 2748 863 2809 die
881 2761 994 2809 octavo
1012 2747 1062 2809 vel
1079 2749 1184 2830 primo
1208 2748 1329 2810 iudicio
1346 2749 1441 2810 debet
1465 2750 1549 2811 testi-

289 2854 436 2915 monium
461 2853 638 2936 producere
660 2875 733 2916 cum
756 2856 919 2916 Martonos
936 2855 1013 2916 Zedi
1039 2868 1069 2916 et
1085 2855 1219 2917 Nicolao
1236 2875 1309 2916 cum
1326 2875 1423 2917 uxore
1441 2869 1549 2917 contra

287 2979 418 3021 uxorem
444 2960 577 3021 Mareni.

391 3064 469 3128 Item
494 3065 647 3126 Nicolaus
671 3065 796 3127 Kordar
820 3066 963 3145 asseruit,
995 3080 1029 3127 ut
1053 3085 1165 3127 omnes
1188 3085 1281 3127 cause
1313 3086 1414 3147 usque
1447 3067 1546 3128 modo

284 3171 496 3252 interipsum
528 3185 557 3231 et
583 3172 746 3232 Martonos
770 3171 952 3233 sellatorem
977 3170 1057 3232 facte
1075 3171 1208 3233 fuissent
1233 3185 1263 3232 et
1287 3172 1374 3233 illate
1398 3193 1453 3253 per
1470 3194 1546 3234 con-

288 3276 428 3338 cordiam
454 3277 556 3358 sopite
581 3277 755 3338 extitissent
781 3277 885 3359 primo
909 3277 1039 3359 judicio.

392 3381 470 3443 Item
495 3382 658 3460 Nicolaus,
682 3381 766 3443 filius
784 3384 871 3461 Petu,
889 3383 940 3444 die
961 3398 1074 3444 octavo
1091 3383 1187 3445 debet
1209 3386 1354 3466 probare,
1373 3385 1460 3465 quod
1478 3386 1544 3466 ipse

284 3486 465 3566 Nicolaum,
489 3487 592 3548 lilium
617 3487 788 3566 lwandiak‚
808 3488 997 3551 inhibuisset
1021 3488 1059 3550 de
1084 3489 1247 3550 laboribus
1281 3490 1372 3550 vinee
1397 3503 1468 3551 ante
1497 3491 1542 3551 in·

285 3593 470 3653 coacionem
495 3593 640 3653 omniurn
670 3592 827 3655 laborum.

386 3696 464 3759 Item
488 3697 592 3779 primo
617 3697 736 3778 judicio
768 3697 863 3759 debet
896 3700 1022 3762 Kusech
1058 3715 1088 3762 et
1123 3701 1243 3781 Petrus,
1267 3701 1352 3763 filius
1375 3702 1542 3780 ValterinI,

283 3802 442 3865 testificari
467 3803 506 3864 de
531 3823 624 3865 causa
649 3804 759 3865 Jacobi
781 3819 811 3865 et
836 3806 962 3868 Mikech
987 3807 1122 3868 condam
1148 3807 1301 3887 judicum.

389 3910 467 3971 Item
491 3910 623 3971 domina
647 3909 756 3971 relicta
780 3909 948 3973 Chernech
972 3913 1121 3992 produxit
1137 3914 1368 3992 testimonium,
1394 3915 1544 3977 videlicet

284 4016 329 4078 St.
354 4017 492 4077 condam
509 4016 659 4097 judicem,
678 4015 800 4078 Obram
821 4017 925 4095 Zolar,
943 4019 1113 4080 Nicolaum
1131 4020 1275 4081 Pezdech
1293 4034 1322 4081 et
1346 4021 1541 4082 Domianum

281 4122 430 4182 concives
465 4136 600 4200 nostros,
633 4122 689 4202 qui
723 4141 829 4183 coram
866 4124 959 4184 nobis
992 4124 1201 4204 personaliter
1237 4124 1330 4205 jurati
1366 4126 1542 4187 retulerunt

282 4239 429 4304 astantes,
454 4226 542 4307 quod
568 4226 708 4308 predicta
731 4226 862 4288 domina
891 4228 1034 4290 debitum
1061 4231 1205 4291 Banlroni
1231 4231 1368 4292 carnifici
1394 4231 1542 4292 videlicet

279 4351 333 4392 sex
358 4351 479 4393 marcas
503 4332 708 4395 denariorum
733 4332 826 4413 plene
851 4347 881 4394 et
906 4335 1027 4415 integre
1055 4336 1258 4417 persolvisset
1282 4351 1312 4398 et
1336 4337 1498 4418 persolvit.

385 4437 464 4499 Item
489 4437 652 4516 Nicolaus‚
677 4436 762 4498 lilius
787 4439 901 4519 Bolog,
926 4441 957 4501 in
987 4441 1158 4522 quindenis
1182 4456 1307 4504 tenetur
1338 4445 1461 4504 solvere
1485 4443 1542 4505 XII

281 4561 395 4622 pensas
419 4543 554 4605 Nicolao
578 4542 720 4605 Kordek.

384 4647 462 4710 Item
486 4649 598 4711 Petrus
621 4662 709 4710 sutor
734 4664 843 4711 contra
868 4650 1031 4713 Donatum
1055 4672 1243 4715 assessorem
1262 4653 1403 4715 secundo
1430 4655 1542 4716 citatus

277 4769 344 4812 non
369 4756 557 4836 compararit.
