3488 5250
623 374 712 433 Anno
735 372 825 452 1365.
849 408 892 418 —
908 392 944 453 3.
968 374 1100 436 octobris.
1441 397 1499 457 341

344 583 422 646 Item
448 584 525 645 Iuan
551 585 654 646 dictus
671 585 808 646 Plauech
833 599 864 647 et
880 585 992 647 Petrus
1010 586 1207 648 Letouanich
1224 586 1277 649 die
1302 602 1415 649 octavo
1449 587 1502 648 de-

238 691 314 751 bent
339 709 535 772 comparere.

347 796 424 858 Item
450 797 589 859 Iacobus
612 812 721 859 contra
746 796 916 860 Nicolaum
944 812 1097 859 sartorem
1123 800 1225 880 prima
1251 799 1405 862 citacione
1438 819 1503 861 non

238 902 427 983 comparuit.

347 1007 425 1069 Item
452 1007 569 1089 Gunga
595 1009 729 1070 institrix
761 1023 871 1071 contra
903 1008 1092 1070 IurisinIcha
1124 1008 1226 1090 prima
1251 1009 1406 1071 citacione
1438 1029 1503 1072 non

238 1115 428 1196 comparuit.

344 1220 421 1281 Item
459 1220 595 1283 Velinus
624 1219 754 1303 pellifex
792 1235 900 1283 contra
934 1222 1088 1283 Potekam
1117 1221 1218 1303 prIma
1251 1222 1407 1284 citaciooe
1438 1242 1503 1284 non

238 1327 426 1406 comparuit.

343 1430 422 1492 Item
448 1432 556 1514 Matey
581 1432 621 1493 de
646 1432 796 1494 PobresIa
820 1446 930 1495 contra
959 1432 1145 1495 Gabrielem
1175 1433 1278 1495 filium
1303 1434 1426 1496 Pauleti
1451 1434 1502 1495 die

238 1549 352 1597 octavo
376 1536 474 1597 debet
497 1556 692 1619 comparere.

344 1641 423 1703 Item
450 1643 494 1705 St.
519 1643 623 1704 dictus
647 1644 804 1705 Heruatin
829 1659 937 1705 contra
958 1643 1126 1705 dominum
1153 1642 1310 1705 Gerioum
1334 1646 1435 1726 prIma
1461 1645 1503 1706 ci·

237 1746 363 1808 taciooe
389 1767 454 1809 non
487 1751 675 1831 comparuit.

344 1853 421 1915 Item
448 1855 526 1916 Wlk
552 1875 625 1917 cum
648 1854 715 1918 filio
739 1876 797 1917 suo
822 1857 861 1916 de
883 1856 1034 1917 Pobresia
1060 1855 1112 1917 die
1129 1870 1243 1917 octavo
1266 1869 1392 1918 tenetur
1415 1877 1502 1919 com-

237 1979 313 2042 pare
338 1974 448 2022 contra
473 1962 604 2044 Mathey
628 1976 658 2023 et
682 1963 778 2025 Mile.

344 2066 423 2127 Item
448 2067 580 2128 domina
605 2067 727 2129 Cecilia
755 2082 864 2130 contra
889 2067 1046 2128 Marinum
1078 2069 1274 2149 penesticam
1299 2070 1401 2151 prima
1426 2070 1502 2130 cita·

238 2171 330 2234 cione
355 2192 421 2234 non
451 2173 639 2254 comparuit.

343 2280 422 2341 Item
447 2280 614 2341 Martonos
637 2293 726 2342 sutor
749 2293 859 2342 contra
876 2279 1015 2341 Hemam
1033 2281 1203 2342 mulierem
1226 2282 1329 2363 prima
1346 2281 1501 2342 citacione

237 2403 303 2445 non
326 2385 516 2467 comparuit.

343 2491 422 2553 Item
447 2491 591 2552 Hermao
615 2504 704 2552 sutor
726 2504 836 2553 contra
861 2492 973 2552 Marko
1002 2491 1104 2553 fillum
1133 2490 1304 2571 Dragozlai
1328 2492 1430 2572 prima
1459 2491 1502 2552 ci·

237 2597 361 2657 tacione
387 2616 453 2657 non
479 2598 668 2679 comparuit.

344 2701 421 2763 Item
448 2702 594 2763 Thomas
617 2704 759 2764 notanus
782 2703 877 2763 debet
900 2704 1035 2784 probare
1060 2717 1169 2764 contra
1187 2748 1341 2766 .......

345 2808 422 2868 Item
449 2809 536 2869 Elias
561 2808 700 2870 famulus
723 2808 847 2870 domiui
872 2808 956 2870 Petri
982 2808 1100 2889 Ligarii
1125 2809 1230 2890 primo
1254 2807 1376 2887 judIcio
1392 2820 1502 2869 contra

238 2913 352 2975 Petren
379 2914 517 2976 debebat
541 2930 653 2987 astare,
677 2915 811 2996 ipsoque
836 2914 973 2976 termino
998 2914 1190 2976 adveniente
1214 2933 1279 2975 non
1312 2914 1501 2996 comparuit.

344 3020 422 3081 Item
449 3020 610 3081 Henricus
633 3034 809 3083 sartor...
842 3039 1026 3101 comparere
1051 3020 1174 3082 iusticie
1206 3033 1316 3082 contra
1338 3019 1502 3081 Andream

238 3123 365 3187 fabrum
385 3173 392 3187 .
410 3171 444 3188 ..
469 3126 618 3187 slmiliter
648 3125 785 3204 fabrum,
816 3126 842 3186 si
874 3126 988 3186 astabit
1019 3124 1112 3207 (bene
1137 3126 1293 3207 quidem),
1324 3126 1349 3186 si
1373 3125 1503 3186 rebellis

238 3231 375 3293 extiterit
400 3232 432 3292 in
459 3232 553 3313 culpa
577 3233 764 3294 remanebit.

343 3337 421 3398 Item
446 3338 586 3398 Munech
616 3352 801 3418 procurator
824 3337 906 3397 Zore
939 3336 1061 3417 (contra
1086 3336 1225 3418 Cristan)
1259 3337 1447 3418 comparuit,
1472 3353 1502 3398 et

231 3442 341 3504 ·dIctus
368 3441 495 3505 CrIstan
520 3462 584 3503 non
613 3443 709 3503 venit.

343 3548 420 3609 Item
447 3549 558 3610 Kurko
583 3562 692 3610 contra
717 3548 880 3610 Thomam
909 3549 1059 3610 clericum
1092 3549 1253 3609 notarium
1286 3561 1430 3609 nostrum
1455 3547 1502 3625 ju·

237 3655 322 3716 dicIo
347 3655 500 3716 remansit
524 3655 629 3716 eidem
652 3668 715 3716 tres
734 3675 856 3717 marcas
880 3669 911 3716 et
934 3655 1031 3735 judici
1063 3674 1173 3732 unam,
1197 3655 1272 3735 quia
1298 3655 1402 3735 Ipsum
1419 3655 1501 3715 vitu-

237 3761 361 3842 peravit
384 3762 518 3842 turpiter
542 3762 574 3822 In
599 3762 763 3843 presencia
787 3762 897 3823 nostri.

343 3867 422 3928 Item
447 3867 549 3929 Iwech
575 3868 614 3929 de
640 3868 823 3929 Krauercha
840 3867 936 3928 debet
960 3866 1136 3949 producere
1158 3865 1341 3927 venditores
1365 3879 1502 3946 quatuor

238 3992 401 4054 pecorum,
427 3973 502 4054 quia
527 3974 626 4035 boves
650 3974 830 4054 captiuavit.

344 4078 421 4139 Item
447 4078 608 4140 Iohannes
632 4078 716 4140 lilius
740 4079 824 4140 Iwan
857 4076 934 4140 feria
966 4078 1062 4140 tercia
1087 4078 1184 4139 debet
1214 4097 1399 4160 comparere
1431 4098 1501 4159 per·

238 4181 418 4264 hemptorie
443 4198 552 4245 contra
577 4183 708 4261 Finech‚
731 4198 762 4246 et
784 4183 851 4246 fieri
877 4230 885 4245 .
910 4230 917 4243 .
943 4182 1081 4245 finaliter
1105 4182 1235 4246 decisio

379 4416 475 4490 Ferla
505 4429 603 4491 sexta
631 4424 784 4509 proxlma
812 4429 892 4510 post
918 4422 1042 4492 festum
1071 4422 1161 4492 beati
1191 4422 1373 4493 Michaelis.

765 4574 807 4650 (3.
830 4574 973 4647 octobris).

345 4711 423 4773 Item
447 4711 581 4774 Velinus
604 4711 736 4794 pellifex
759 4713 811 4775 die
835 4727 949 4775 octavo
975 4713 1071 4777 debet
1098 4732 1282 4796 comparere
1307 4728 1416 4777 contra
1441 4715 1501 4777 Po·

237 4816 375 4879 techam.
