3488 5250
150 374 151 377 ,
236 318 299 379 216
645 316 731 374 Anno
753 310 844 391 1362.
872 348 910 357 -
940 324 986 390 17.
1001 316 1096 389 junii.

345 529 423 589 Item
449 526 617 608 Zerpatich
641 538 751 587 contra
781 525 920 587 eundern
953 524 1132 587 Johannem
1165 524 1270 607 primo
1294 525 1407 588 citatus
1439 544 1504 588 non

239 634 429 717 comparuit.

343 740 421 802 Item
446 758 539 801 causa
565 738 649 800 Petri
674 738 802 800 litterati
828 753 859 800 et
884 736 1010 799 Nicolai
1035 735 1092 798 filii
1121 737 1199 799 Iuan
1223 757 1318 820 super
1342 758 1392 817 eo,
1416 739 1505 820 quod

239 848 325 911 idem
352 848 462 908 Petrus
485 865 518 907 ae
543 844 670 907 dicebat
701 865 770 907 esse
798 865 854 927 per
884 864 958 906 eum
992 857 1023 906 et
1046 863 1121 905 suos
1146 844 1185 904 de
1216 843 1425 906 ordinacione
1449 864 1505 906 sua

239 967 450 1030 cruentatum,
467 963 514 1012 est
530 949 636 1012 taliter
653 950 801 1030 iudicata,
826 950 901 1032 quia
919 949 1005 1012 idem
1021 949 1175 1011 Nicolaus
1195 969 1229 1011 se
1245 951 1383 1032 negabat
1399 951 1505 1032 ipsum

239 1071 433 1135 cruentasse,
456 1057 530 1117 ideo
554 1069 669 1118 octavo
704 1055 756 1117 die
781 1057 847 1138 Ipse
879 1055 991 1118 Petrus
1015 1075 1047 1116 se
1079 1056 1238 1117 secundus
1269 1056 1386 1137 jurabit
1417 1056 1505 1140 quod

240 1183 296 1247 per
320 1164 424 1246 ipsum
450 1175 481 1224 et
506 1181 580 1223 suos
604 1160 644 1223 de
668 1161 877 1224 ordinacione
902 1180 957 1222 sua
982 1162 1022 1223 sit
1046 1175 1238 1241 cruentatus,
1263 1176 1293 1224 et
1316 1162 1398 1224 hanc
1414 1157 1530 1224 adiu·⁴

239 1269 439 1331 dIcacionem
465 1267 551 1329 idem
577 1268 616 1329 N.
641 1266 681 1329 ad
706 1268 905 1349 presenciam
929 1268 1135 1349 antiquorum
1152 1267 1297 1348 judicum
1321 1267 1504 1350 appellavit.

346 1375 424 1436 Item
448 1374 522 1435 licet
546 1374 662 1456 Mykus
686 1372 771 1435 filius
794 1374 871 1435 Iuan
897 1373 1017 1435 iudicio
1040 1373 1179 1455 presenti
1204 1387 1314 1435 contra
1338 1374 1415 1435 Iuan
1440 1393 1505 1435 car-

242 1479 370 1544 nificem
395 1499 579 1561 comparere
597 1492 627 1540 et
644 1479 683 1541 ad
708 1479 874 1541 accionem
890 1499 982 1541 suam
999 1479 1192 1561 respondere
1209 1479 1382 1557 debuisset,
1398 1493 1505 1541 tamen

243 1607 308 1649 non
334 1587 421 1648 venit
443 1605 503 1647 nec
526 1584 622 1647 misit.

346 1691 425 1753 Item
451 1710 545 1752 causa
576 1690 736 1752 Francisci
769 1704 800 1751 et
832 1690 957 1752 Nicolai
982 1703 1029 1752 est
1061 1691 1100 1751 ad
1132 1704 1205 1751 octo
1230 1689 1298 1751 dies
1329 1691 1369 1751 ad
1392 1710 1503 1773 pacem

243 1811 423 1880 prorogata.

346 1904 425 1965 Item
449 1916 564 1965 octavo
588 1902 640 1963 die
665 1901 811 1963 Donatus
843 1915 952 1965 contra
983 1901 1068 1964 filios
1093 1902 1214 1964 Vrbani
1239 1922 1295 1984 per
1320 1902 1364 1964 St.
1388 1917 1419 1964 et
1443 1903 1505 1964 De-

240 2010 390 2071 metrium
414 2009 635 2071 testimonium
659 2007 835 2090 producere
858 2008 963 2070 debet.

345 2115 423 2176 Item
448 2134 541 2175 causa
566 2113 692 2176 Criaani
716 2126 747 2174 et
778 2111 919 2175 filiorum
945 2114 1074 2176 Stroaalr
1107 2127 1153 2175 est
1184 2114 1290 2176 taliter
1313 2114 1505 2195 adiudicata,

241 2234 276 2283 ut
300 2220 435 2282 fundum
460 2240 532 2281 cum
555 2219 621 2280 suis
643 2216 799 2280 hedificiis
815 2218 882 2302 ipse
899 2219 1052 2281 Crisanus
1069 2219 1164 2281 debet
1189 2220 1220 2281 in
1246 2232 1384 2302 quatuor
1400 2233 1505 2302 partes
1612 2244 1616 2252 ·

242 2327 397 2405 diuidere,
422 2338 453 2387 et
477 2325 536 2407 ipsi
562 2323 618 2386 filii
637 2324 770 2386 Strozak
794 2338 856 2386 tres
877 2325 1047 2407 porciones
1064 2325 1228 2388 debebunt
1244 2346 1302 2408 pro
1319 2347 1353 2389 se
1376 2327 1505 2408 eligere,

240 2452 299 2494 nec
322 2432 396 2493 huic
421 2431 571 2492 divisioni
596 2444 626 2491 et
651 2430 805 2492 eleccioni
829 2443 934 2512 partes
958 2445 1109 2513 poterunt
1133 2433 1299 2494 contraite.

347 2537 424 2598 Item
460 2556 554 2598 causa
590 2534 719 2597 Andree
755 2549 785 2597 et
821 2539 948 2618 Agnese
984 2550 1031 2598 est
1062 2537 1101 2598 ad
1134 2550 1207 2599 octo
1240 2538 1307 2599 dies
1330 2538 1371 2599 ad
1393 2558 1504 2621 pacem

241 2656 421 2726 prorogata.

346 2748 424 2810 Item
448 2748 553 2830 prImo
579 2746 698 2808 iudicio
723 2747 878 2809 adventus
902 2749 992 2810 Pauli
1013 2750 1146 2831 pictoris
1170 2751 1202 2811 in
1226 2751 1425 2832 Zagrabiam,
1449 2751 1505 2812 Ni-

243 2854 352 2916 colaua
376 2867 485 2916 contra
509 2854 586 2923 Iuan
609 2872 765 2934 generum
790 2853 926 2915 Mathiaa
949 2874 1006 2936 per
1035 2856 1140 2937 ipsum
1165 2856 1303 2918 Paulum
1328 2871 1359 2919 et
1383 2857 1505 2919 Obram

242 2960 462 3022 testimonium
487 2959 663 3042 producere
688 2959 784 3021 debet
807 2980 902 3043 super
933 2980 983 3040 eo,
1014 2975 1047 3023 ut
1072 2962 1131 3044 Ipsi
1166 2982 1237 3024 eam
1261 2962 1414 3025 vidissent
1437 2983 1506 3025 ver-

246 3068 398 3128 beratam.

347 3173 425 3233 Item
450 3171 524 3233 licet
560 3172 720 3233 lohannes
752 3172 913 3234 Barbacus
945 3187 976 3234 et
1001 3173 1124 3256 Symon
1155 3187 1249 3236 testea
1280 3194 1337 3256 per
1361 3174 1506 3236 Marcum

242 3278 391 3362 producti
414 3276 672 3356 testificaverunt,
696 3291 731 3340 ut
754 3296 793 3339 eo
823 3292 968 3360 tempore
992 3299 1058 3360 quo
1083 3280 1168 3341 idem
1193 3281 1320 3341 Marcus
1344 3300 1417 3342 cum
1441 3280 1506 3343 filia

244 3384 354 3446 Iacobi
377 3384 507 3446 sartoris
530 3383 770 3445 matrimonium
807 3385 974 3462 contraxit,
1006 3385 1073 3467 ipsa
1098 3404 1178 3447 uxor
1210 3405 1266 3447 sua
1290 3386 1506 3465 medietatem,

243 3490 402 3573 fraterque
427 3510 502 3551 suus
536 3490 742 3552 medietatem
774 3489 890 3551 domun
920 3510 1032 3552 eorum
1066 3505 1096 3554 et
1120 3490 1211 3553 fundi
1244 3492 1416 3555 donassent
1446 3493 1506 3575 ipsi

241 3598 362 3676 Marco,
386 3609 493 3658 tamen
518 3595 593 3678 quia
618 3596 649 3656 in
674 3609 803 3658 caterno
827 3597 902 3657 anni
927 3598 1067 3678 preteriti
1093 3598 1275 3660 invenimus
1299 3599 1404 3680 ipsum
1433 3597 1505 3660 Iun·

242 3703 320 3765 dum
345 3702 535 3764 tantumodo
560 3701 669 3763 heredi
706 3702 805 3784 ipsius
837 3702 935 3763 Marci
961 3723 999 3763 ex
1029 3703 1280 3765 racionabilibus
1305 3705 1407 3766 causis
1438 3724 1506 3766 ease

240 3808 470 3887 adiudicatum,
495 3808 592 3889 Igitur
617 3807 848 3869 discussionem
878 3807 1022 3870 eiusdem
1054 3829 1146 3870 cause
1179 3809 1219 3871 ad
1244 3824 1394 3873 octavum
1419 3811 1505 3872 diem

243 3916 379 3980 fecimus
402 3915 578 3999 prorogarI.

347 4021 426 4084 Item
449 4020 635 4083 Anthonius
659 4020 796 4083 Vidonia
828 4035 938 4083 contra
970 4020 1141 4103 Martynko
1165 4023 1271 4105 primo
1303 4024 1416 4086 citatus
1439 4042 1505 4086 non

241 4127 430 4213 comparuit.

254 4365 351 4445 Nota,
379 4365 465 4456 quod
494 4365 580 4437 Ieria
608 4370 707 4437 sexta
735 4367 891 4454 proxima
919 4373 996 4456 post
1023 4366 1146 4439 festum
1175 4370 1326 4457 corporis
1355 4365 1491 4440 cbristl.

774 4521 835 4598 (17.
859 4522 968 4597 junii).

347 4658 455 4720 Primo
479 4659 599 4721 Paulus
622 4658 785 4722 Leunardi
808 4679 867 4742 pro
892 4660 978 4722 Luca
1009 4659 1133 4723 famulo
1155 4680 1214 4724 auo
1238 4675 1349 4724 contra
1373 4661 1503 4725 Petrum

240 4761 280 4824 ad
305 4774 378 4825 octo
402 4763 471 4826 dies
494 4763 613 4849 recepit
636 4764 811 4827 terminum
835 4765 876 4827 ad
898 4765 1171 4851 respondendum.
