3488 5250
279 306 337 388 138
666 305 751 363 Anno
773 314 865 381 1359.
887 339 931 347 —
953 320 1006 382 25.
1030 306 1163 383 augusti.

538 409 1537 419 —..—-——-——————————-————.—.

273 516 415 579 debebat
438 515 632 598 respondere
649 529 756 577 tamen
781 515 848 595 ipse
864 515 1002 576 Iacobus
1018 527 1054 575 ut
1076 528 1163 576 actor
1179 533 1244 576 non
1261 513 1349 576 venit
1371 532 1430 576 nec
1443 513 1540 593 misit,

278 622 433 703 legittime
458 641 514 703 per
537 622 641 704 ipsum
668 619 851 682 Janzlinum
876 633 1068 702 expectatus.

379 728 458 790 Item
482 727 558 789 Iuan
590 726 755 809 proximus
785 724 955 806 Zequirich
989 738 1099 787 contra
1132 723 1224 786 Achlt
1255 723 1397 788 secundo
1428 722 1541 785 citatus

278 853 343 896 non
367 833 556 915 comparuit.
810 907 814 916 =

379 940 458 1001 Item
482 939 594 1000 Petrus
613 950 702 999 sutor
718 951 829 999 contra
844 936 1009 998 Andream
1026 949 1140 998 octavo
1156 936 1209 998 die
1226 935 1321 999 debet
1336 935 1541 1018 respondere.

380 1062 458 1125 Item
483 1074 598 1124 octavo
623 1061 677 1122 die
696 1059 835 1142 Artuigh
858 1075 968 1123 contra
984 1061 1127 1124 relictam
1148 1060 1277 1122 Martini
1297 1080 1354 1143 per
1374 1060 1541 1122 dominam

274 1168 319 1231 St.
344 1167 462 1249 juditis
485 1181 516 1228 et
539 1166 705 1228 dominam
730 1165 959 1228 Blanchicham
986 1180 1017 1229 et
1034 1166 1202 1229 dominam
1226 1166 1356 1229 Floram
1378 1185 1416 1228 ac
1439 1165 1539 1229 filiam

274 1273 484 1356 Pinthilrachy
520 1285 551 1335 et
574 1272 741 1335 dominam
767 1272 873 1333 Mikus
904 1291 999 1354 super
1030 1272 1195 1354 vituperiis
1226 1272 1258 1334 in
1283 1291 1414 1334 uxorem
1439 1273 1539 1355 ipsius

273 1377 363 1441 lactis
386 1378 608 1441 testimonium
632 1391 747 1440 octavo
771 1376 824 1439 die
849 1377 1028 1459 producere
1052 1378 1157 1441 debet.

380 1503 457 1564 Item
481 1502 567 1564 idem
592 1502 708 1564 eodem
733 1500 785 1562 die
809 1520 866 1582 per
888 1501 1008 1563 dictam
1033 1502 1198 1564 dominam
1229 1500 1371 1580 Floram,
1395 1501 1539 1564 relictam

273 1608 414 1672 Gilionis
445 1623 476 1670 et
507 1608 674 1671 domiuum
705 1606 933 1669 Blanchicham
968 1620 1078 1670 contra
1111 1607 1245 1669 eandem
1276 1627 1373 1690 super
1395 1608 1537 1670 trusione

273 1715 381 1777 uxoris
405 1735 472 1777 sue.

378 1822 455 1883 Item
480 1821 599 1883 Paulus
623 1835 742 1884 octavo
767 1822 819 1883 die
844 1834 952 1900 contra
985 1819 1130 1883 Cernech
1163 1819 1310 1881 Beteern
1334 1832 1399 1881 met
1421 1819 1538 1881 tercius

272 1927 398 2007 jurabit.

378 2034 458 2095 Item
482 2032 620 2096 Michael
645 2031 733 2095 leber
757 2045 867 2094 contra
892 2031 1059 2094 Mortonos
1089 2030 1271 2093 sellatorem
1295 2017 1400 2112 primo
1425 2030 1538 2092 citatus

273 2158 338 2201 non
361 2139 551 2222 comparuit.

378 2247 457 2308 Item
482 2244 648 2307 Gerdecbe
674 2257 784 2305 contra
808 2243 973 2304 Andream
998 2242 1102 2324 primo
1126 2241 1239 2302 citatus
1259 2259 1324 2302 non
1348 2241 1537 2323 comparuit.

378 2352 456 2413 Item
481 2351 649 2412 Emericus
674 2347 814 2411 carnifex
831 2362 941 2410 contra
959 2348 1094 2409 Paulum
1117 2348 1272 2430 pictorem
1295 2347 1401 2429 primo
1425 2346 1538 2408 citatus

273 2476 338 2519 non
362 2457 552 2539 comparuit.

378 2581 456 2643 Item
480 2579 566 2642 filius
598 2579 755 2641 Iohannis
787 2580 827 2641 de
860 2576 1063 2640 Dezicheuch
1094 2577 1170 2659 quia
1204 2576 1366 2638 Andream
1398 2575 1537 2658 juratum

272 2686 473 2769 vituperavit,
498 2698 593 2767 prout
616 2684 677 2746 hoc
702 2684 861 2765 legittime
892 2684 1124 2766 comprobavit,
1152 2682 1316 2744 convictus
1332 2681 1402 2764 (est)
1426 2682 1459 2743 in
1482 2680 1535 2743 IIII

273 2792 387 2854 marcis
410 2812 468 2875 pro
493 2791 609 2854 eodem
633 2804 664 2853 et
688 2791 722 2852 io
745 2810 809 2852 una
832 2809 891 2873 pro
915 2790 1031 2872 judice.

378 2899 456 2960 Item
480 2897 555 2979 quia
580 2896 701 2958 Finech
725 2895 904 2959 Iohannem
929 2895 1032 2958 filium
1052 2894 1221 2957 Laureucii
1234 2893 1437 2977 vituperavit,
1461 2912 1536 2955 con·

272 3005 374 3066 victus
398 3017 445 3066 est
468 3016 578 3065 contra
602 3003 706 3084 ipsum
731 3002 764 3062 in
788 3001 842 3061 IIII
867 3003 981 3063 marcis
1003 3015 1034 3063 et
1058 3002 1090 3062 ln
1115 3020 1179 3062 una
1201 3020 1260 3082 pro
1284 2999 1400 3081 judice.

378 3126 455 3189 Item
481 3139 595 3188 octavo
615 3125 668 3186 die
693 3124 834 3208 Muthey‚
867 3125 1006 3186 inclinus
1029 3138 1137 3189 noster
1160 3137 1227 3187 met
1250 3137 1355 3186 sextus
1378 3143 1451 3187 cum
1475 3123 1536 3185 sibi

272 3233 493 3296 consimilibus
526 3245 635 3293 contra
668 3229 814 3309 Duchlto,
846 3231 948 3293 Janko
977 3244 1009 3292 et
1037 3232 1160 3294 Ztanko
1182 3231 1286 3313 jurare
1318 3231 1423 3310 debet,
1447 3230 1536 3312 quod

272 3341 331 3401 sub
357 3338 446 3400 nulla
470 3337 669 3399 fideiussoria
695 3338 806 3399 luisset
829 3337 994 3400 caucione.

269 3515 273 3522 ¹
378 3445 455 3506 Item
481 3443 591 3506 relicta
615 3445 794 3505 Martinkus
817 3456 927 3505 contra
951 3444 1107 3505 Iacobum
1132 3444 1205 3504 Kun
1231 3443 1336 3527 primo
1360 3442 1453 3505 citata
1470 3461 1536 3504 non

272 3550 463 3633 comparuit.

378 3656 457 3718 Item
482 3656 558 3717 luen
586 3655 726 3718 Plauech
757 3669 866 3718 contra
896 3655 1001 3717 Elium
1032 3655 1257 3716 stationarium
1287 3656 1393 3738 primo
1424 3655 1537 3717 citatus

271 3782 337 3825 non
362 3762 551 3843 comparuit.

377 3885 455 3949 Item
480 3904 581 3965 usque
606 3884 849 3966 quindecImum
882 3884 968 3946 diem
1000 3886 1111 3946 Mareu
1136 3885 1231 3947 Zolar
1262 3898 1389 3947 tenetur
1411 3885 1535 3946 solvere

273 3990 318 4053 St.
341 3990 399 4052 XL
423 3990 572 4052 denarios
595 3991 647 4052 vel
671 3990 770 4072 ipsius
793 3991 826 4052 in
850 4009 986 4072 persona
1011 3990 1142 4074 Endrey
1167 3991 1302 4052 decano.

378 4096 457 4158 Item
483 4115 576 4157 causa
601 4115 665 4177 que
697 4097 831 4158 vertitur
861 4097 943 4159 inter
966 4097 1071 4159 Vanae
1103 4097 1283 4160 carnificem
1308 4111 1339 4161 et
1361 4097 1462 4159 filiam
1485 4099 1536 4160 Ja-

272 4202 343 4264 cobi
368 4202 496 4263 sartoris
520 4201 560 4262 ad
585 4215 659 4264 octo
683 4203 751 4264 dies
773 4203 813 4263 ad
838 4223 950 4285 pacem
974 4219 1021 4265 est
1043 4216 1225 4286 prorogata.

377 4306 454 4369 Item
480 4307 586 4368 Petres
611 4306 750 4369 carnifex
775 4307 872 4370 hodie
897 4309 1036 4371 debebat
1062 4329 1243 4392 proponere
1268 4322 1378 4372 contra
1402 4329 1535 4371 uxorem

272 4412 349 4473 Iuan
372 4413 519 4494 preconis
543 4426 574 4474 et
597 4431 662 4475 non
686 4414 775 4475 venit
798 4434 857 4476 nec
880 4414 966 4476 misit
990 4415 1057 4477 vice
1082 4430 1113 4477 et
1135 4416 1267 4477 nomiue
1292 4415 1400 4477 uxoris
1424 4435 1491 4478 sue.

370 4515 454 4597 Item
479 4550 592 4598 octavo
617 4537 669 4599 die
694 4537 819 4599 Blasius
843 4539 1048 4601 Bremennak
1077 4553 1187 4602 contra
1218 4539 1352 4601 Paulam
1375 4558 1432 4622 per
1455 4539 1536 4620 vigi-

272 4640 407 4703 latorem
433 4641 625 4724 Gregorium
650 4655 681 4704 et
711 4662 844 4705 uxorem
869 4644 999 4706 Martini
1030 4665 1125 4728 super
1155 4645 1321 4728 vituperiis
1345 4659 1459 4707 octavo
1483 4643 1535 4705 die

270 4744 491 4810 testimonium
516 4748 692 4830 producere
717 4762 853 4814 tenetur.
