3488 5250
641 329 841 410 Ann01363.
865 367 908 377 -
931 348 981 411 23·
997 336 1091 409 junii.
1434 334 1495 412 285

340 550 437 625 Feria
465 555 574 625 tercIa
602 561 680 624 ante
708 553 830 625 festum
859 557 1053 626 nativitatis
1081 556 1191 626 sancti
1219 553 1394 644 johannis.

775 706 838 781 (20.
854 706 961 784 juna).

342 845 450 906 Primo
476 864 555 906 uxor
580 845 626 907 St.
652 844 777 907 Kordar
800 845 841 906 ad
865 860 938 908 octo
956 846 1024 907 dies
1048 846 1144 908 debet
1167 845 1242 907 date
1267 859 1298 907 et
1322 844 1501 906 reinvenire

236 950 371 1012 anulum
395 949 524 1012 Andree
549 948 733 1029 frenatoris,
765 950 845 1012 alias
868 950 954 1032 iuxta
975 950 1190 1032 juramentum
1222 951 1331 1032 Ipsius,
1356 950 1425 1012 eius
1450 970 1502 1011 va·

235 1056 338 1118 lorem
362 1056 533 1139 persolvet.

341 1161 420 1224 Item
445 1161 600 1224 Nicolaus
622 1163 771 1225 sacerdos
795 1178 907 1226 contra
926 1163 1069 1226 relictam
1094 1161 1242 1224 Nicholai
1267 1160 1307 1224 de
1332 1160 1501 1223 Branouch

235 1266 277 1329 ad
302 1280 375 1328 octo
400 1266 469 1329 dies
493 1268 612 1350 recepit
636 1269 808 1331 terminum
832 1267 1059 1352 respondendi.

343 1372 421 1435 Item
446 1373 610 1436 Iohannes
632 1394 731 1455 gener
755 1377 879 1437 Menter
903 1390 1013 1438 contra
1041 1375 1186 1437 relictam
1210 1372 1353 1436 eiusdem
1379 1372 1503 1434 Menter

237 1478 381 1541 secundo
405 1479 518 1541 citatus
540 1499 606 1541 non
634 1481 822 1564 comparuit.

344 1583 421 1645 Item
447 1585 567 1668 Braysa
590 1600 699 1648 contra
724 1586 904 1649 Iohannem
936 1587 1041 1668 primo
1070 1586 1184 1649 citatus
1215 1604 1280 1646 non
1313 1582 1503 1665 comparuit.

344 1689 422 1751 Item
439 1704 554 1752 octavo
571 1690 622 1752 die
641 1692 797 1754 Martiuus
812 1692 936 1775 Reynia
949 1705 1058 1753 contra
1076 1691 1261 1753 Emericum
1275 1688 1504 1751 subcustodem

238 1812 294 1876 per
318 1793 572 1858 Ferskouicham
604 1811 636 1859 et
666 1797 902 1878 Margaretham
933 1816 1029 1879 super
1055 1816 1106 1876 eo,
1138 1795 1227 1878 quod
1259 1813 1360 1857 unum
1385 1813 1440 1856 vas
1463 1793 1503 1854 de

237 1899 314 1960 vioo
338 1902 378 1962 ab
403 1901 552 1964 Emerico
584 1903 749 1984 quondam
781 1904 934 1966 servitore
959 1902 1113 1964 Iohannis
1144 1900 1314 1963 frenatoris
1338 1918 1504 1981 compara·

238 2005 336 2080 verit;
360 2003 492 2067 demum
516 2027 573 2089 per
590 2027 724 2071 uxorem
741 2009 809 2070 luri
833 2009 950 2070 sutoris
966 2008 998 2070 in
1023 2027 1073 2086 eo,
1098 2006 1187 2089 quod
1203 2003 1369 2088 quondam
1394 2005 1504 2067 relicta

239 2109 339 2192 ipsius
363 2111 390 2173 J.
415 2112 448 2173 in
472 2112 588 2175 ultimo
616 2134 675 2176 suo
704 2129 781 2177 voto
812 2115 927 2178 dixerit
958 2116 1063 2198 ipsum
1095 2114 1270 2176 Martinum
1303 2112 1425 2174 dictum
1450 2130 1505 2172 vas

241 2215 356 2278 emisse
380 2230 412 2279 et
434 2219 579 2299 precium
597 2220 729 2282 solvisse
745 2240 803 2304 pro
821 2221 948 2300 eodem,
964 2220 1186 2284 testimonium
1204 2218 1382 2301 producere
1399 2216 1504 2280 debet.

344 2323 422 2385 Item
447 2322 504 2387 filii
530 2326 648 2389 Preuer
680 2341 788 2389 contra
814 2328 987 2390 Martinum
1020 2327 1145 2410 Reanz
1176 2325 1281 2408 primo
1313 2323 1400 2386 citati
1438 2341 1504 2384 non

238 2445 495 2511 comparuerunt.

346 2535 425 2597 Item
449 2537 575 2599 Blasius
606 2550 707 2600 sartor
738 2553 847 2617 contra
871 2537 1034 2620 quandam
1066 2537 1236 2599 mulierem
1268 2534 1308 2597 ad
1339 2547 1413 2596 octo
1437 2533 1506 2595 dies

239 2641 358 2723 recepit
380 2642 554 2704 terminum
579 2643 619 2705 ad
643 2644 915 2727 respondendum.
991 2634 995 2641 ¹

345 2747 423 2809 Item
448 2749 473 2809 si
497 2768 600 2830 usque
624 2763 773 2815 octavum
790 2750 877 2813 diem
902 2749 1010 2812 Endre
1032 2750 1133 2832 pistor
1150 2768 1187 2810 ex
1211 2761 1300 2830 parte
1324 2745 1433 2808 uxoris
1448 2763 1505 2806 sue

239 2851 369 2913 Andree
394 2852 498 2932 jurato
523 2855 555 2916 in
579 2875 636 2917 sua
665 2856 883 2938 acquisicione
915 2875 1022 2918 coram
1054 2856 1182 2917 duobus
1213 2854 1324 2936 juratis
1347 2852 1506 2934 justiciam

241 2953 345 3036 faciet,
358 2959 439 3021 bene
454 2960 599 3041 quidem,
616 2961 760 3042 alioquin
775 2975 914 3045 exparte
931 2962 1031 3044 ipsius
1044 2961 1151 3023 Endre
1166 2960 1324 3023 iusticiam
1341 2957 1506 3021 faciemus.

346 3063 423 3126 Item
449 3065 627 3128 Martinech
652 3067 756 3148 primo
777 3067 891 3130 citatus
914 3081 1023 3129 contra
1049 3066 1158 3129 Petres
1180 3084 1247 3127 non
1270 3063 1461 3146 comparuit.

347 3169 425 3231 Item
450 3171 532 3233 Kata
556 3171 777 3234 Koscheuicha
801 3173 945 3235 secundo
964 3174 1058 3235 citata
1082 3184 1192 3234 contra
1216 3170 1388 3233 Nicolaum
1413 3187 1505 3250 orga-

241 3276 355 3337 nistam
378 3295 444 3339 non
475 3279 665 3360 comparuit.

345 3381 424 3444 Item
449 3384 575 3466 Boynik
600 3399 709 3446 contra
734 3384 840 3446 Eliam
871 3383 1013 3447 secundo
1037 3385 1150 3447 citatus
1177 3402 1242 3446 non
1264 3381 1460 3464 comparuit.

347 3487 423 3549 Item
449 3489 588 3551 Michael
611 3488 696 3552 filius
719 3489 764 3552 St.
788 3489 903 3572 judicis
928 3503 1038 3551 contra
1061 3490 1148 3551 Mite
1171 3489 1277 3572 primo
1300 3487 1415 3551 citatus
1439 3504 1505 3549 non

242 3595 432 3676 comparuit.

347 3700 424 3762 Item
449 3717 564 3766 octavo
588 3703 640 3766 die
658 3704 792 3766 Peterko
817 3718 926 3766 contra
944 3704 1054 3766 Mareu
1078 3724 1135 3786 per
1152 3702 1322 3765 Nicolaum
1341 3700 1507 3783 quondam

242 3802 393 3884 judicem,
418 3806 593 3889 Donatum,
617 3809 747 3872 Petrum
771 3809 952 3892 piliatorem
982 3825 1012 3870 et
1035 3810 1144 3872 Petres
1166 3808 1388 3870 testimonium
1412 3825 1508 3887 super

243 3928 293 3990 eo,
317 3910 405 3992 quod
431 3912 498 3994 ipse
523 3934 624 3977 unum
642 3916 757 3977 bovem
783 3915 959 3997 aquodam
976 3914 1148 3997 jobsgione
1172 3912 1412 3975 communitatis
1437 3909 1506 3973 aul·

244 4014 361 4090 ferens,
384 4018 576 4099 perdidisset
599 4021 639 4082 ab
663 4020 790 4083 eodem.

257 4182 352 4269 Nota,
380 4186 467 4274 quod
496 4186 581 4258 Ierla
610 4199 709 4258 sexta
736 4189 891 4278 proxima
920 4196 998 4260 ante
1026 4188 1148 4259 festum
1176 4188 1372 4258 nativitatis
1400 4186 1490 4256 beati

699 4310 864 4401 johannis
893 4313 1050 4401 baptiste.

782 4454 845 4522 (23.
861 4447 968 4522 junii).

350 4563 459 4627 PrImo
484 4564 622 4627 Bartuch
645 4567 866 4648 procuratorIo
890 4568 1022 4629 nomine
1046 4587 1104 4650 pro
1122 4569 1296 4629 Krauturm
1320 4579 1432 4628 contra
1448 4564 1509 4625 Mi·

243 4669 388 4732 chaelem
419 4669 618 4733 sacerdotem
658 4672 857 4758 Pyntikachy
891 4674 932 4736 ad
971 4673 1152 4756 quindenas
1185 4674 1304 4757 recepit
1333 4673 1509 4735 terminum

243 4776 471 4859 respondendi.
