3488 5250
530 430 535 441 ,
624 376 710 434 Anno
733 388 819 452 1357,
845 411 886 418 —
911 372 960 437 18.
989 379 1116 451 augusti.
1461 395 1502 457 99

240 585 369 646 Petrum
394 584 495 646 filium
521 585 638 646 Donati
656 586 715 667 ipsi
741 587 863 662 Marko,
891 600 921 647 et
945 586 969 646 si
995 587 1081 668 ipsos
1098 586 1238 648 florenos
1261 585 1365 647 eidem
1392 586 1504 646 Marko

239 711 304 753 non
330 691 464 771 dederit,
488 705 603 753 extunc
627 692 731 774 ipsum
757 691 893 753 fundum
918 692 1034 754 nostris
1051 712 1123 754 cum
1149 692 1261 754 litteris
1285 691 1371 753 dicto
1390 692 1501 752 Marito

241 798 511 880 perpetuabimus.

345 904 423 964 Item
448 923 541 964 causa
566 923 628 984 que
653 904 785 965 vertitur
809 903 892 965 inter
923 902 1042 964 liberos
1066 903 1189 965 PauIeti
1212 903 1253 964 ad
1287 904 1428 984 primum
1453 902 1500 984 ju-

241 1010 359 1071 dicium
386 1023 431 1071 est
455 1022 633 1091 prorogata.

345 1135 423 1196 Item
447 1133 609 1195 Iohannes
641 1133 806 1215 presbiter,
824 1134 928 1195 dictus
951 1134 1110 1211 sacerdos,
1142 1133 1351 1215 quindecimo
1381 1132 1433 1194 die
1458 1145 1503 1194 te·

241 1253 335 1302 netur
367 1241 491 1301 solvere
523 1239 631 1301 relicte
665 1238 805 1300 Gilionis
840 1240 910 1300 XIII
946 1259 1059 1322 pensas
1091 1238 1296 1301 denariorum
1327 1258 1385 1321 pro
1416 1240 1503 1300 curia

240 1332 376 1407 condrim
402 1345 543 1407 Gilionis
566 1345 749 1427 supradicti.

347 1452 425 1512 Item
454 1450 591 1513 Michael
618 1449 706 1512 faber
742 1464 851 1512 contra
875 1451 1018 1512 Blasium
1045 1452 1150 1534 primo
1179 1451 1292 1513 citatus
1320 1472 1383 1514 non
1416 1471 1503 1514 com-

241 1558 355 1639 paruit.

345 1664 423 1726 Item
447 1664 516 1725 Kus
540 1676 648 1724 contra
673 1664 713 1724 N.
737 1662 879 1724 secundo
903 1663 1016 1724 citatus
1040 1683 1105 1725 non
1130 1664 1318 1745 comparuit.

347 1788 413 1850 Sub
437 1807 522 1849 anno
547 1787 670 1848 domiui
697 1786 848 1849 MCCCL
873 1787 1020 1868 septimo,
1040 1785 1117 1848 feria
1140 1787 1237 1848 tercia
1261 1788 1406 1869 proxima
1432 1801 1502 1870 post

242 1906 370 1955 octavas
394 1892 464 1955 festi
482 1894 566 1954 beati
584 1893 694 1954 Jacobi
711 1893 858 1974 apostoli,
875 1905 1018 1974 tempore
1036 1891 1194 1972 judicatus
1222 1893 1346 1954 domini
1365 1892 1501 1976 Mykech

238 1998 294 2060 filii
312 2001 470 2061 Francisci
494 1998 608 2079 judicis
632 1999 767 2060 civitatis
785 1998 986 2077 Grechensis,
1001 1999 1155 2076 paladini,
1181 1998 1346 2079 Johannis,
1363 2000 1502 2078 Andree,

241 2105 397 2185 Bartuch,
429 2105 584 2183 Paulum,
617 2104 837 2187 Mychaelem,
869 2104 1048 2165 Iohannem
1087 2117 1118 2166 et
1151 2104 1351 2187 Mychaelem
1383 2104 1503 2185 juratos

240 2212 384 2272 eiusdem
409 2211 555 2289 civitatis,
580 2230 636 2293 per
665 2211 796 2273 eosdem
828 2209 967 2290 judicem
992 2223 1023 2271 et
1054 2210 1172 2290 juratos
1197 2230 1256 2271 nec
1288 2230 1352 2272 non
1377 2224 1408 2271 et
1431 2211 1501 2272 uni-

239 2337 346 2378 versos
377 2317 462 2379 cives
495 2317 629 2378 civitatis
661 2316 801 2399 predicte
831 2329 983 2378 statutum
1015 2316 1117 2377 extitit
1149 2329 1179 2377 et
1211 2316 1406 2395 ordinatum,
1429 2335 1500 2398 per-

240 2437 401 2504 petuoque
426 2424 662 2484 observandum
675 2423 728 2501 ita,
752 2436 787 2484 ut
804 2422 922 2483 amodo
947 2442 1003 2504 per
1027 2423 1213 2504 quempiam
1230 2423 1320 2484 nuIIo
1344 2422 1444 2484 modo
1468 2422 1501 2483 in

239 2528 363 2589 irritum
395 2543 500 2610 potest
531 2528 672 2589 revocari
707 2528 866 2606 videlicet,
899 2528 987 2609 quod
1018 2528 1043 2589 si
1069 2547 1260 2609 quecunque
1293 2542 1348 2590 aut
1381 2528 1501 2610 qualis·

238 2654 364 2714 cunque
389 2634 547 2715 possessio
573 2635 604 2695 in
629 2633 755 2695 civitate
784 2633 943 2694 antedicta
969 2634 1055 2696 etin
1087 2634 1155 2695 eius
1179 2634 1340 2695 territorio
1366 2635 1502 2696 existens

237 2759 293 2819 per
318 2740 465 2819 quemvis
489 2739 673 2800 vendicioni
691 2753 916 2820 exponeretur,
932 2739 1029 2800 talem
1046 2739 1280 2821 possessionem
1298 2740 1408 2802 nullus
1423 2740 1503 2802 alter

237 2858 441 2926 preterquam
466 2846 630 2927 proximus
662 2858 692 2905 et
724 2846 983 2926 consanguIneus
1014 2845 1189 2907 venditoris
1221 2846 1323 2928 ipsam
1344 2867 1402 2928 pro
1426 2867 1501 2909 con-

237 2950 336 3031 digno
369 2952 436 3012 eius
467 2952 574 3012 valore
607 2951 706 3033 possit
737 2971 935 3032 comparare,
967 2953 1100 3014 mInime
1133 2967 1238 3014 tamen
1274 2953 1398 3015 vicinus
1428 2968 1501 3016 ante

235 3057 428 3138 proximum.

276 3294 370 3379 Nota,
399 3295 485 3382 quod
516 3295 600 3365 feria
628 3305 727 3365 sexta
755 3298 910 3384 proxima
940 3303 1017 3367 ante
1045 3295 1168 3368 festum
1195 3297 1285 3368 beati
1313 3297 1473 3386 Stephani

673 3420 762 3505 regis
790 3426 824 3489 et
852 3418 1063 3490 confessoris.

760 3584 823 3664 (18.
847 3589 985 3664 augrus).

344 3729 421 3790 Item
462 3729 571 3789 Maren
605 3728 810 3791 Carintianus
842 3741 955 3790 octavo
988 3729 1039 3789 die
1074 3742 1183 3791 contra
1214 3729 1402 3809 magistrum
1436 3729 1495 3790 Mi-

236 3834 381 3896 chaelem
406 3833 608 3912 canonicum,
632 3848 784 3915 nepotem
805 3834 928 3896 domini
946 3836 1109 3917 prepositi,
1135 3836 1167 3896 In
1192 3833 1277 3897 furtu
1302 3848 1367 3895 met
1382 3835 1499 3896 tercius

238 3952 436 4001 sacramento
460 3938 622 4000 mediante
645 3959 678 3999 se
703 3960 877 4021 expurgare
903 3953 1040 4003 tenetur.

341 4062 419 4123 Item
437 4061 572 4124 Iuchech
585 4063 801 4145 carpentarius
817 4077 927 4124 contra
944 4064 1083 4125 eundem
1100 4064 1288 4144 magistrum
1306 4063 1497 4126 Michaelem

236 4168 268 4229 irr
291 4188 340 4246 e0,
365 4168 452 4249 quod
471 4168 537 4249 ipse
562 4168 594 4229 in
619 4169 769 4230 omnibus
786 4183 849 4230 tarn
868 4183 976 4230 contra
994 4189 1066 4230 eum
1085 4189 1181 4252 quam
1200 4182 1309 4230 contra
1333 4168 1498 4231 homiuem

235 4293 329 4334 suum
344 4293 400 4354 per
417 4273 521 4355 ipsum
539 4273 708 4335 dominum
726 4274 925 4357 Mychaelem
944 4276 1099 4357 oppositis
1115 4276 1242 4356 penitus
1258 4275 1389 4336 inocens
1405 4288 1453 4336 est
1469 4288 1500 4336 et

239 4379 379 4439 inmunis
401 4392 599 4439 sacramento
624 4380 784 4441 mediante
809 4400 841 4440 se
865 4394 953 4441 sexto
985 4382 1128 4462 personis
1152 4400 1325 4462 expurgare
1358 4380 1498 4446 debebit.

341 4484 418 4545 Item
444 4485 525 4545 Kata
550 4498 659 4546 contra
683 4485 862 4567 Georgium
886 4486 1059 4547 litteratum
1080 4486 1185 4568 prImo
1209 4486 1302 4546 citata
1326 4504 1391 4546 non
1408 4505 1495 4547 com-

238 4590 360 4670 paruit;
386 4590 466 4651 inter
490 4609 572 4670 quos
596 4604 642 4652 est
665 4611 746 4672 pena
770 4591 874 4673 posita
898 4592 1042 4673 quinque
1067 4610 1259 4652 marcarums

341 4712 418 4774 Item
444 4713 512 4774 Kus
536 4712 674 4774 carniIex
699 4726 730 4775 et
747 4714 906 4795 Georgius
927 4714 1022 4775 ZoIar
1037 4729 1147 4776 contra
1171 4713 1334 4775 Thomam
1351 4711 1493 4774 secundo

239 4815 324 4878 citati
348 4838 413 4880 non
438 4833 696 4901 comparuerunt.
