<?xml version="1.0" encoding="UTF-8"?>
<!DOCTYPE html PUBLIC "-//W3C//DTD XHTML 1.0 Transitional//EN"
    "http://www.w3.org/TR/xhtml1/DTD/xhtml1-transitional.dtd">
<html xmlns="http://www.w3.org/1999/xhtml" xml:lang="en" lang="en">
 <head>
  <title>
</title>
<meta http-equiv="Content-Type" content="text/html;charset=utf-8" />
  <meta name='ocr-system' content='tesseract 3.04.00' />
  <meta name='ocr-capabilities' content='ocr_page ocr_carea ocr_par ocr_line ocrx_word'/>
</head>
<body>
  <div class='ocr_page' id='page_1' title='image "./monumentahistor08laszgoog/monumentahistor08laszgoog_0399.png"; bbox 0 0 3488 5250; ppageno 0'>
   <div class='ocr_carea' id='block_1_1' title="bbox 630 352 1126 433">
    <p class='ocr_par' dir='ltr' id='par_1_1' title="bbox 630 352 1126 433">
     <span class='ocr_line' id='line_1_1' title="bbox 630 352 1126 433; baseline 0.006 -21"><span class='ocrx_word' id='word_1_1' title='bbox 630 356 717 413; x_wconf 83' lang='lat' dir='ltr'>Anno</span> <span class='ocrx_word' id='word_1_2' title='bbox 739 352 831 430; x_wconf 77' lang='lat'><em>1365.</em></span> <span class='ocrx_word' id='word_1_3' title='bbox 855 388 899 398; x_wconf 94' lang='lat'>-</span> <span class='ocrx_word' id='word_1_4' title='bbox 921 369 973 433; x_wconf 72' lang='lat'>24.</span> <span class='ocrx_word' id='word_1_5' title='bbox 996 357 1126 415; x_wconf 77' lang='lat' dir='ltr'>octobn&#39;s.</span> 
     </span>
    </p>
   </div>
   <div class='ocr_carea' id='block_1_2' title="bbox 398 569 1357 662">
    <p class='ocr_par' dir='ltr' id='par_1_2' title="bbox 398 569 1357 662">
     <span class='ocr_line' id='line_1_2' title="bbox 398 569 1357 662; baseline 0.004 -20"><span class='ocrx_word' id='word_1_6' title='bbox 398 569 494 643; x_wconf 86' lang='lat' dir='ltr'>Feria</span> <span class='ocrx_word' id='word_1_7' title='bbox 522 575 630 643; x_wconf 83' lang='lat' dir='ltr'>tercIa</span> <span class='ocrx_word' id='word_1_8' title='bbox 657 580 734 660; x_wconf 86' lang='lat' dir='ltr'>post</span> <span class='ocrx_word' id='word_1_9' title='bbox 762 573 885 645; x_wconf 80' lang='lat' dir='ltr'>festum</span> <span class='ocrx_word' id='word_1_10' title='bbox 913 575 1003 644; x_wconf 86' lang='lat' dir='ltr'>beati</span> <span class='ocrx_word' id='word_1_11' title='bbox 1031 574 1116 645; x_wconf 88' lang='lat' dir='ltr'>Ince</span> <span class='ocrx_word' id='word_1_12' title='bbox 1144 575 1357 662; x_wconf 69' lang='lat' dir='ltr'>evangeliste.</span> 
     </span>
    </p>
   </div>
   <div class='ocr_carea' id='block_1_3' title="bbox 768 726 994 801">
    <p class='ocr_par' dir='ltr' id='par_1_3' title="bbox 768 726 994 801">
     <span class='ocr_line' id='line_1_3' title="bbox 768 726 994 801; baseline 0.018 -19"><span class='ocrx_word' id='word_1_13' title='bbox 768 727 830 801; x_wconf 83' lang='lat'><em>(21.</em></span> <span class='ocrx_word' id='word_1_14' title='bbox 855 726 994 795; x_wconf 82' lang='lat' dir='ltr'><em>octobris).</em></span> 
     </span>
    </p>
   </div>
   <div class='ocr_carea' id='block_1_4' title="bbox 248 864 1514 2617">
    <p class='ocr_par' dir='ltr' id='par_1_4' title="bbox 249 864 1513 1052">
     <span class='ocr_line' id='line_1_4' title="bbox 355 864 1513 946; baseline -0.001 -20"><span class='ocrx_word' id='word_1_15' title='bbox 355 865 433 926; x_wconf 89' lang='lat' dir='ltr'>Item</span> <span class='ocrx_word' id='word_1_16' title='bbox 459 865 556 946; x_wconf 85' lang='lat' dir='ltr'>Elyas</span> <span class='ocrx_word' id='word_1_17' title='bbox 580 864 688 924; x_wconf 88' lang='lat' dir='ltr'>relicte</span> <span class='ocrx_word' id='word_1_18' title='bbox 723 864 939 925; x_wconf 89' lang='lat' dir='ltr'>Mekkochren</span> <span class='ocrx_word' id='word_1_19' title='bbox 965 864 997 924; x_wconf 91' lang='lat' dir='ltr'>in</span> <span class='ocrx_word' id='word_1_20' title='bbox 1029 864 1201 945; x_wconf 88' lang='lat' dir='ltr'>quindenis</span> <span class='ocrx_word' id='word_1_21' title='bbox 1232 877 1357 927; x_wconf 91' lang='lat' dir='ltr'>tenetur</span> <span class='ocrx_word' id='word_1_22' title='bbox 1388 866 1513 927; x_wconf 89' lang='lat' dir='ltr'>solvere</span> 
     </span>
     <span class='ocr_line' id='line_1_5' title="bbox 249 969 1107 1052; baseline 0 -21"><span class='ocrx_word' id='word_1_23' title='bbox 249 985 388 1052; x_wconf 89' lang='lat' dir='ltr'>quatuor</span> <span class='ocrx_word' id='word_1_24' title='bbox 412 989 526 1052; x_wconf 84' lang='lat' dir='ltr'>penses</span> <span class='ocrx_word' id='word_1_25' title='bbox 549 970 657 1030; x_wconf 90' lang='lat' dir='ltr'>minus</span> <span class='ocrx_word' id='word_1_26' title='bbox 681 970 925 1051; x_wconf 76' lang='lat' dir='ltr'>quatuordecIm</span> <span class='ocrx_word' id='word_1_27' title='bbox 950 969 1107 1031; x_wconf 86' lang='lat' dir='ltr'>denarios.</span> 
     </span>
    </p>

    <p class='ocr_par' dir='ltr' id='par_1_5' title="bbox 248 1074 1513 1262">
     <span class='ocr_line' id='line_1_6' title="bbox 355 1074 1513 1156; baseline -0.001 -20"><span class='ocrx_word' id='word_1_28' title='bbox 355 1076 433 1137; x_wconf 91' lang='lat' dir='ltr'>Item</span> <span class='ocrx_word' id='word_1_29' title='bbox 458 1095 551 1136; x_wconf 88' lang='lat' dir='ltr'>causa</span> <span class='ocrx_word' id='word_1_30' title='bbox 576 1095 638 1156; x_wconf 92' lang='lat' dir='ltr'>que</span> <span class='ocrx_word' id='word_1_31' title='bbox 658 1075 791 1137; x_wconf 88' lang='lat' dir='ltr'>vertitur</span> <span class='ocrx_word' id='word_1_32' title='bbox 815 1075 898 1137; x_wconf 90' lang='lat' dir='ltr'>inter</span> <span class='ocrx_word' id='word_1_33' title='bbox 914 1074 1094 1136; x_wconf 86' lang='lat' dir='ltr'>Iohannem</span> <span class='ocrx_word' id='word_1_34' title='bbox 1112 1075 1338 1136; x_wconf 83' lang='lat' dir='ltr'>stacionarium</span> <span class='ocrx_word' id='word_1_35' title='bbox 1363 1089 1394 1136; x_wconf 90' lang='lat' dir='ltr'>et</span> <span class='ocrx_word' id='word_1_36' title='bbox 1410 1075 1513 1136; x_wconf 84' lang='lat' dir='ltr'>Krau-</span> 
     </span>
     <span class='ocr_line' id='line_1_7' title="bbox 248 1180 1324 1262; baseline 0 -20"><span class='ocrx_word' id='word_1_37' title='bbox 248 1195 332 1243; x_wconf 89' lang='lat' dir='ltr'>turm</span> <span class='ocrx_word' id='word_1_38' title='bbox 358 1180 398 1241; x_wconf 84' lang='lat' dir='ltr'>ad</span> <span class='ocrx_word' id='word_1_39' title='bbox 423 1180 509 1241; x_wconf 91' lang='lat' dir='ltr'>diem</span> <span class='ocrx_word' id='word_1_40' title='bbox 534 1194 682 1242; x_wconf 90' lang='lat' dir='ltr'>octavum</span> <span class='ocrx_word' id='word_1_41' title='bbox 708 1194 754 1241; x_wconf 87' lang='lat' dir='ltr'>est</span> <span class='ocrx_word' id='word_1_42' title='bbox 778 1194 947 1262; x_wconf 83' lang='lat' dir='ltr'>prorogata</span> <span class='ocrx_word' id='word_1_43' title='bbox 972 1180 997 1240; x_wconf 86' lang='lat' dir='ltr'>si</span> <span class='ocrx_word' id='word_1_44' title='bbox 1022 1200 1083 1262; x_wconf 84' lang='lat' dir='ltr'>pax</span> <span class='ocrx_word' id='word_1_45' title='bbox 1106 1180 1173 1241; x_wconf 88' lang='lat' dir='ltr'>fieri</span> <span class='ocrx_word' id='word_1_46' title='bbox 1198 1180 1324 1262; x_wconf 90' lang='lat' dir='ltr'>poterit.</span> 
     </span>
    </p>

    <p class='ocr_par' dir='ltr' id='par_1_6' title="bbox 251 1285 1513 1473">
     <span class='ocr_line' id='line_1_8' title="bbox 354 1285 1513 1348; baseline -0.001 -1"><span class='ocrx_word' id='word_1_47' title='bbox 354 1287 431 1348; x_wconf 90' lang='lat' dir='ltr'>Item</span> <span class='ocrx_word' id='word_1_48' title='bbox 457 1287 564 1346; x_wconf 85' lang='lat' dir='ltr'>Petres</span> <span class='ocrx_word' id='word_1_49' title='bbox 596 1285 731 1347; x_wconf 84' lang='lat' dir='ltr'>claudus</span> <span class='ocrx_word' id='word_1_50' title='bbox 762 1306 835 1346; x_wconf 93' lang='lat' dir='ltr'>cum</span> <span class='ocrx_word' id='word_1_51' title='bbox 867 1305 966 1346; x_wconf 86' lang='lat' dir='ltr'>uxore</span> <span class='ocrx_word' id='word_1_52' title='bbox 998 1306 1054 1346; x_wconf 85' lang='lat' dir='ltr'>sua</span> <span class='ocrx_word' id='word_1_53' title='bbox 1086 1300 1194 1346; x_wconf 90' lang='lat' dir='ltr'>contra</span> <span class='ocrx_word' id='word_1_54' title='bbox 1226 1286 1368 1347; x_wconf 88' lang='lat' dir='ltr'>relictam</span> <span class='ocrx_word' id='word_1_55' title='bbox 1392 1286 1513 1348; x_wconf 88' lang='lat' dir='ltr'>Vrbani</span> 
     </span>
     <span class='ocr_line' id='line_1_9' title="bbox 251 1392 779 1473; baseline 0 -19"><span class='ocrx_word' id='word_1_56' title='bbox 251 1393 303 1454; x_wconf 93' lang='lat' dir='ltr'>die</span> <span class='ocrx_word' id='word_1_57' title='bbox 328 1406 441 1454; x_wconf 88' lang='lat' dir='ltr'>octavo</span> <span class='ocrx_word' id='word_1_58' title='bbox 467 1392 561 1453; x_wconf 90' lang='lat' dir='ltr'>debet</span> <span class='ocrx_word' id='word_1_59' title='bbox 585 1411 779 1473; x_wconf 89' lang='lat' dir='ltr'>comparere.</span> 
     </span>
    </p>

    <p class='ocr_par' dir='ltr' id='par_1_7' title="bbox 250 1495 1513 1686">
     <span class='ocr_line' id='line_1_10' title="bbox 357 1495 1513 1578; baseline -0.002 -19"><span class='ocrx_word' id='word_1_60' title='bbox 357 1498 435 1559; x_wconf 88' lang='lat' dir='ltr'>Item</span> <span class='ocrx_word' id='word_1_61' title='bbox 460 1497 583 1558; x_wconf 81' lang='lat' dir='ltr'>Anchia</span> <span class='ocrx_word' id='word_1_62' title='bbox 615 1511 724 1558; x_wconf 89' lang='lat' dir='ltr'>contra</span> <span class='ocrx_word' id='word_1_63' title='bbox 749 1497 900 1577; x_wconf 88' lang='lat' dir='ltr'>Egidium</span> <span class='ocrx_word' id='word_1_64' title='bbox 934 1495 1105 1578; x_wconf 87' lang='lat' dir='ltr'>pellificem</span> <span class='ocrx_word' id='word_1_65' title='bbox 1135 1497 1237 1578; x_wconf 85' lang='lat' dir='ltr'>prima</span> <span class='ocrx_word' id='word_1_66' title='bbox 1269 1497 1423 1558; x_wconf 89' lang='lat' dir='ltr'>citacione</span> <span class='ocrx_word' id='word_1_67' title='bbox 1448 1516 1513 1558; x_wconf 90' lang='lat' dir='ltr'>non</span> 
     </span>
     <span class='ocr_line' id='line_1_11' title="bbox 250 1604 439 1686; baseline 0 -21"><span class='ocrx_word' id='word_1_68' title='bbox 250 1604 439 1686; x_wconf 85' lang='lat' dir='ltr'>comparuit.</span> 
     </span>
    </p>

    <p class='ocr_par' dir='ltr' id='par_1_8' title="bbox 251 1698 1513 1896">
     <span class='ocr_line' id='line_1_12' title="bbox 355 1698 1513 1789; baseline -0.001 -18"><span class='ocrx_word' id='word_1_69' title='bbox 355 1711 433 1771; x_wconf 91' lang='lat' dir='ltr'>Item</span> <span class='ocrx_word' id='word_1_70' title='bbox 459 1709 596 1770; x_wconf 87' lang='lat' dir='ltr'>Michael</span> <span class='ocrx_word' id='word_1_71' title='bbox 626 1707 711 1770; x_wconf 85' lang='lat' dir='ltr'>filius</span> <span class='ocrx_word' id='word_1_72' title='bbox 743 1708 897 1789; x_wconf 85' lang='lat' dir='ltr'>Stephani</span> <span class='ocrx_word' id='word_1_73' title='bbox 929 1698 1084 1768; x_wconf 86' lang='lat' dir='ltr'>Kucetich</span> <span class='ocrx_word' id='word_1_74' title='bbox 1109 1721 1217 1769; x_wconf 88' lang='lat' dir='ltr'>contra</span> <span class='ocrx_word' id='word_1_75' title='bbox 1249 1708 1378 1770; x_wconf 89' lang='lat' dir='ltr'>Petrum</span> <span class='ocrx_word' id='word_1_76' title='bbox 1410 1707 1513 1770; x_wconf 87' lang='lat' dir='ltr'>filium</span> 
     </span>
     <span class='ocr_line' id='line_1_13' title="bbox 251 1813 1333 1896; baseline -0.002 -19"><span class='ocrx_word' id='word_1_77' title='bbox 251 1815 374 1877; x_wconf 90' lang='lat' dir='ltr'>domini</span> <span class='ocrx_word' id='word_1_78' title='bbox 401 1815 519 1877; x_wconf 88' lang='lat' dir='ltr'>Donati</span> <span class='ocrx_word' id='word_1_79' title='bbox 544 1815 596 1876; x_wconf 91' lang='lat' dir='ltr'>die</span> <span class='ocrx_word' id='word_1_80' title='bbox 620 1829 734 1877; x_wconf 87' lang='lat' dir='ltr'>octavo</span> <span class='ocrx_word' id='word_1_81' title='bbox 760 1815 854 1876; x_wconf 93' lang='lat' dir='ltr'>debet</span> <span class='ocrx_word' id='word_1_82' title='bbox 875 1832 1060 1895; x_wconf 90' lang='lat' dir='ltr'>comparere</span> <span class='ocrx_word' id='word_1_83' title='bbox 1084 1813 1333 1896; x_wconf 89' lang='lat' dir='ltr'>perhemptorie.</span> 
     </span>
    </p>

    <p class='ocr_par' dir='ltr' id='par_1_9' title="bbox 249 1918 1514 2214">
     <span class='ocr_line' id='line_1_14' title="bbox 358 1918 1514 1998; baseline 0 -17"><span class='ocrx_word' id='word_1_84' title='bbox 358 1922 437 1981; x_wconf 92' lang='lat' dir='ltr'>Item</span> <span class='ocrx_word' id='word_1_85' title='bbox 462 1920 613 1998; x_wconf 79' lang='lat' dir='ltr'>Oblicha,</span> <span class='ocrx_word' id='word_1_86' title='bbox 636 1934 672 1980; x_wconf 90' lang='lat' dir='ltr'>ut</span> <span class='ocrx_word' id='word_1_87' title='bbox 698 1932 796 1998; x_wconf 88' lang='lat' dir='ltr'>actor,</span> <span class='ocrx_word' id='word_1_88' title='bbox 830 1933 938 1980; x_wconf 87' lang='lat' dir='ltr'>contra</span> <span class='ocrx_word' id='word_1_89' title='bbox 971 1918 1141 1979; x_wconf 83' lang='lat' dir='ltr'>Nicolaum</span> <span class='ocrx_word' id='word_1_90' title='bbox 1173 1919 1212 1981; x_wconf 93' lang='lat' dir='ltr'>de</span> <span class='ocrx_word' id='word_1_91' title='bbox 1237 1919 1383 1980; x_wconf 89' lang='lat' dir='ltr'>Branoch</span> <span class='ocrx_word' id='word_1_92' title='bbox 1407 1933 1439 1981; x_wconf 94' lang='lat' dir='ltr'>et</span> <span class='ocrx_word' id='word_1_93' title='bbox 1462 1920 1514 1981; x_wconf 91' lang='lat' dir='ltr'>Jo-</span> 
     </span>
     <span class='ocr_line' id='line_1_15' title="bbox 250 2023 1514 2105; baseline 0 -18"><span class='ocrx_word' id='word_1_94' title='bbox 250 2027 389 2088; x_wconf 86' lang='lat' dir='ltr'>hannem</span> <span class='ocrx_word' id='word_1_95' title='bbox 416 2026 537 2098; x_wconf 86' lang='lat' dir='ltr'>dictum</span> <span class='ocrx_word' id='word_1_96' title='bbox 562 2025 707 2087; x_wconf 91' lang='lat' dir='ltr'>Zobotha</span> <span class='ocrx_word' id='word_1_97' title='bbox 740 2044 798 2086; x_wconf 89' lang='lat' dir='ltr'>nec</span> <span class='ocrx_word' id='word_1_98' title='bbox 829 2025 917 2086; x_wconf 91' lang='lat' dir='ltr'>veuit</span> <span class='ocrx_word' id='word_1_99' title='bbox 948 2043 1007 2084; x_wconf 91' lang='lat' dir='ltr'>nec</span> <span class='ocrx_word' id='word_1_100' title='bbox 1032 2023 1128 2102; x_wconf 85' lang='lat' dir='ltr'>misit,</span> <span class='ocrx_word' id='word_1_101' title='bbox 1160 2044 1216 2105; x_wconf 88' lang='lat' dir='ltr'>per</span> <span class='ocrx_word' id='word_1_102' title='bbox 1240 2024 1370 2086; x_wconf 90' lang='lat' dir='ltr'>eosdem</span> <span class='ocrx_word' id='word_1_103' title='bbox 1402 2025 1441 2085; x_wconf 84' lang='lat' dir='ltr'>ad</span> <span class='ocrx_word' id='word_1_104' title='bbox 1466 2045 1514 2087; x_wconf 92' lang='lat' dir='ltr'>re-</span> 
     </span>
     <span class='ocr_line' id='line_1_16' title="bbox 249 2132 860 2214; baseline -0.005 -20"><span class='ocrx_word' id='word_1_105' title='bbox 249 2132 476 2214; x_wconf 86' lang='lat' dir='ltr'>spondendum</span> <span class='ocrx_word' id='word_1_106' title='bbox 501 2132 643 2212; x_wconf 86' lang='lat' dir='ltr'>legitime</span> <span class='ocrx_word' id='word_1_107' title='bbox 668 2145 860 2213; x_wconf 84' lang='lat' dir='ltr'>expectatus.</span> 
     </span>
    </p>

    <p class='ocr_par' dir='ltr' id='par_1_10' title="bbox 252 2234 1513 2425">
     <span class='ocr_line' id='line_1_17' title="bbox 357 2234 1513 2317; baseline -0.003 -17"><span class='ocrx_word' id='word_1_108' title='bbox 357 2239 435 2300; x_wconf 86' lang='lat' dir='ltr'>Item</span> <span class='ocrx_word' id='word_1_109' title='bbox 461 2238 543 2298; x_wconf 87' lang='lat' dir='ltr'>Kata</span> <span class='ocrx_word' id='word_1_110' title='bbox 567 2250 676 2298; x_wconf 89' lang='lat' dir='ltr'>contra</span> <span class='ocrx_word' id='word_1_111' title='bbox 709 2236 906 2317; x_wconf 80' lang='lat' dir='ltr'>Stephanum</span> <span class='ocrx_word' id='word_1_112' title='bbox 937 2234 1094 2296; x_wconf 90' lang='lat' dir='ltr'>Heruatin</span> <span class='ocrx_word' id='word_1_113' title='bbox 1126 2236 1229 2317; x_wconf 86' lang='lat' dir='ltr'>prima</span> <span class='ocrx_word' id='word_1_114' title='bbox 1261 2236 1417 2298; x_wconf 87' lang='lat' dir='ltr'>citacione</span> <span class='ocrx_word' id='word_1_115' title='bbox 1448 2254 1513 2296; x_wconf 90' lang='lat' dir='ltr'>non</span> 
     </span>
     <span class='ocr_line' id='line_1_18' title="bbox 252 2344 441 2425; baseline -0.005 -20"><span class='ocrx_word' id='word_1_116' title='bbox 252 2344 441 2425; x_wconf 88' lang='lat' dir='ltr'>comparuit.</span> 
     </span>
    </p>

    <p class='ocr_par' dir='ltr' id='par_1_11' title="bbox 250 2444 1513 2617">
     <span class='ocr_line' id='line_1_19' title="bbox 354 2444 1513 2528; baseline -0.002 -20"><span class='ocrx_word' id='word_1_117' title='bbox 354 2449 433 2510; x_wconf 92' lang='lat' dir='ltr'>Item</span> <span class='ocrx_word' id='word_1_118' title='bbox 459 2449 566 2510; x_wconf 89' lang='lat' dir='ltr'>Petres</span> <span class='ocrx_word' id='word_1_119' title='bbox 589 2461 619 2508; x_wconf 91' lang='lat' dir='ltr'>et</span> <span class='ocrx_word' id='word_1_120' title='bbox 644 2449 753 2509; x_wconf 86' lang='lat' dir='ltr'>Mareu</span> <span class='ocrx_word' id='word_1_121' title='bbox 780 2444 942 2508; x_wconf 85' lang='lat' dir='ltr'>carnifices</span> <span class='ocrx_word' id='word_1_122' title='bbox 966 2446 1017 2508; x_wconf 90' lang='lat' dir='ltr'>die</span> <span class='ocrx_word' id='word_1_123' title='bbox 1038 2460 1153 2508; x_wconf 84' lang='lat' dir='ltr'>octavo</span> <span class='ocrx_word' id='word_1_124' title='bbox 1177 2446 1296 2508; x_wconf 91' lang='lat' dir='ltr'>debent</span> <span class='ocrx_word' id='word_1_125' title='bbox 1320 2445 1513 2528; x_wconf 87' lang='lat' dir='ltr'>respondere</span> 
     </span>
     <span class='ocr_line' id='line_1_20' title="bbox 250 2554 596 2617; baseline 0.003 -1"><span class='ocrx_word' id='word_1_126' title='bbox 250 2569 359 2616; x_wconf 92' lang='lat' dir='ltr'>contra</span> <span class='ocrx_word' id='word_1_127' title='bbox 385 2554 596 2617; x_wconf 84' lang='lat' dir='ltr'>Anthonium.</span> 
     </span>
    </p>
   </div>
   <div class='ocr_carea' id='block_1_5' title="bbox 267 2788 1488 3001">
    <p class='ocr_par' dir='ltr' id='par_1_12' title="bbox 267 2788 1488 3001">
     <span class='ocr_line' id='line_1_21' title="bbox 267 2788 1488 2880; baseline -0.001 -19"><span class='ocrx_word' id='word_1_128' title='bbox 267 2788 363 2862; x_wconf 86' lang='lat' dir='ltr'>Feria</span> <span class='ocrx_word' id='word_1_129' title='bbox 391 2798 488 2862; x_wconf 84' lang='lat' dir='ltr'>sexta</span> <span class='ocrx_word' id='word_1_130' title='bbox 517 2793 672 2879; x_wconf 81' lang='lat' dir='ltr'>proxima</span> <span class='ocrx_word' id='word_1_131' title='bbox 700 2797 778 2861; x_wconf 85' lang='lat' dir='ltr'>ante</span> <span class='ocrx_word' id='word_1_132' title='bbox 806 2790 930 2861; x_wconf 82' lang='lat' dir='ltr'>festum</span> <span class='ocrx_word' id='word_1_133' title='bbox 957 2793 1131 2861; x_wconf 85' lang='lat' dir='ltr'>beatorum</span> <span class='ocrx_word' id='word_1_134' title='bbox 1159 2791 1313 2878; x_wconf 80' lang='lat' dir='ltr'>SymenIs</span> <span class='ocrx_word' id='word_1_135' title='bbox 1342 2797 1376 2860; x_wconf 83' lang='lat' dir='ltr'>et</span> <span class='ocrx_word' id='word_1_136' title='bbox 1401 2789 1488 2880; x_wconf 88' lang='lat' dir='ltr'>Jude</span> 
     </span>
     <span class='ocr_line' id='line_1_22' title="bbox 760 2913 1000 3001; baseline 0.004 -18"><span class='ocrx_word' id='word_1_137' title='bbox 760 2913 1000 3001; x_wconf 83' lang='lat' dir='ltr'>apostolorum.</span> 
     </span>
    </p>
   </div>
   <div class='ocr_carea' id='block_1_6' title="bbox 777 3063 1081 3141">
    <p class='ocr_par' dir='ltr' id='par_1_13' title="bbox 777 3063 1081 3141">
     <span class='ocr_line' id='line_1_23' title="bbox 777 3063 1081 3141; baseline 0.007 -21"><span class='ocrx_word' id='word_1_138' title='bbox 777 3065 840 3141; x_wconf 72' lang='lat'><em>(24.</em></span> <span class='ocrx_word' id='word_1_139' title='bbox 864 3063 1004 3139; x_wconf 74' lang='lat' dir='ltr'>octobris).</span> <span class='ocrx_word' id='word_1_140' title='bbox 1078 3091 1081 3102; x_wconf 44' lang='grc' dir='ltr'><strong>ν</strong></span> 
     </span>
    </p>
   </div>
   <div class='ocr_carea' id='block_1_7' title="bbox 249 3199 1514 4868">
    <p class='ocr_par' dir='ltr' id='par_1_14' title="bbox 249 3199 1513 3497">
     <span class='ocr_line' id='line_1_24' title="bbox 358 3199 1513 3284; baseline -0.003 -20"><span class='ocrx_word' id='word_1_141' title='bbox 358 3204 436 3266; x_wconf 88' lang='lat' dir='ltr'>Item</span> <span class='ocrx_word' id='word_1_142' title='bbox 462 3223 555 3264; x_wconf 90' lang='lat' dir='ltr'>causa</span> <span class='ocrx_word' id='word_1_143' title='bbox 587 3203 698 3264; x_wconf 88' lang='lat' dir='ltr'>Iacobi</span> <span class='ocrx_word' id='word_1_144' title='bbox 728 3203 865 3263; x_wconf 90' lang='lat' dir='ltr'>condam</span> <span class='ocrx_word' id='word_1_145' title='bbox 898 3203 1011 3284; x_wconf 81' lang='lat' dir='ltr'>judicis</span> <span class='ocrx_word' id='word_1_146' title='bbox 1043 3216 1074 3263; x_wconf 88' lang='lat' dir='ltr'>et</span> <span class='ocrx_word' id='word_1_147' title='bbox 1105 3200 1256 3262; x_wconf 84' lang='lat' dir='ltr'>Anchech</span> <span class='ocrx_word' id='word_1_148' title='bbox 1289 3199 1440 3262; x_wconf 84' lang='lat' dir='ltr'>aurifabri</span> <span class='ocrx_word' id='word_1_149' title='bbox 1473 3201 1513 3262; x_wconf 84' lang='lat' dir='ltr'>ad</span> 
     </span>
     <span class='ocr_line' id='line_1_25' title="bbox 249 3306 1513 3392; baseline -0.002 -21"><span class='ocrx_word' id='word_1_150' title='bbox 249 3310 336 3392; x_wconf 82' lang='lat' dir='ltr'>pacis</span> <span class='ocrx_word' id='word_1_151' title='bbox 360 3311 514 3371; x_wconf 88' lang='lat' dir='ltr'>unionem</span> <span class='ocrx_word' id='word_1_152' title='bbox 546 3309 585 3369; x_wconf 92' lang='lat' dir='ltr'>ad</span> <span class='ocrx_word' id='word_1_153' title='bbox 610 3308 697 3369; x_wconf 90' lang='lat' dir='ltr'>diem</span> <span class='ocrx_word' id='word_1_154' title='bbox 728 3322 877 3369; x_wconf 86' lang='lat' dir='ltr'>octavum</span> <span class='ocrx_word' id='word_1_155' title='bbox 907 3322 954 3370; x_wconf 85' lang='lat' dir='ltr'>est</span> <span class='ocrx_word' id='word_1_156' title='bbox 976 3320 1147 3390; x_wconf 87' lang='lat' dir='ltr'>prorogata</span> <span class='ocrx_word' id='word_1_157' title='bbox 1171 3306 1197 3367; x_wconf 89' lang='lat' dir='ltr'>si</span> <span class='ocrx_word' id='word_1_158' title='bbox 1222 3307 1419 3389; x_wconf 87' lang='lat' dir='ltr'>(concordia)</span> <span class='ocrx_word' id='word_1_159' title='bbox 1444 3306 1513 3369; x_wconf 87' lang='lat' dir='ltr'>fieri</span> 
     </span>
     <span class='ocr_line' id='line_1_26' title="bbox 250 3415 604 3497; baseline -0.006 -21"><span class='ocrx_word' id='word_1_160' title='bbox 250 3415 368 3497; x_wconf 90' lang='lat' dir='ltr'>poterit</span> <span class='ocrx_word' id='word_1_161' title='bbox 385 3415 466 3475; x_wconf 89' lang='lat' dir='ltr'>inter</span> <span class='ocrx_word' id='word_1_162' title='bbox 491 3428 604 3494; x_wconf 86' lang='lat' dir='ltr'>partes.</span> 
     </span>
    </p>

    <p class='ocr_par' dir='ltr' id='par_1_15' title="bbox 250 3518 1513 3704">
     <span class='ocr_line' id='line_1_27' title="bbox 354 3518 1513 3599; baseline 0 -20"><span class='ocrx_word' id='word_1_163' title='bbox 354 3520 432 3581; x_wconf 91' lang='lat' dir='ltr'>Item</span> <span class='ocrx_word' id='word_1_164' title='bbox 458 3519 595 3580; x_wconf 89' lang='lat' dir='ltr'>Bartuch</span> <span class='ocrx_word' id='word_1_165' title='bbox 620 3519 671 3579; x_wconf 90' lang='lat' dir='ltr'>die</span> <span class='ocrx_word' id='word_1_166' title='bbox 705 3532 817 3580; x_wconf 91' lang='lat' dir='ltr'>octavo</span> <span class='ocrx_word' id='word_1_167' title='bbox 849 3518 945 3580; x_wconf 92' lang='lat' dir='ltr'>debet</span> <span class='ocrx_word' id='word_1_168' title='bbox 976 3518 1196 3579; x_wconf 87' lang='lat' dir='ltr'>testimonium</span> <span class='ocrx_word' id='word_1_169' title='bbox 1228 3518 1406 3599; x_wconf 91' lang='lat' dir='ltr'>producere</span> <span class='ocrx_word' id='word_1_170' title='bbox 1440 3538 1513 3579; x_wconf 92' lang='lat' dir='ltr'>cum</span> 
     </span>
     <span class='ocr_line' id='line_1_28' title="bbox 250 3624 728 3704; baseline -0.002 -16"><span class='ocrx_word' id='word_1_171' title='bbox 250 3627 379 3688; x_wconf 87' lang='lat' dir='ltr'>Thoma</span> <span class='ocrx_word' id='word_1_172' title='bbox 404 3639 435 3687; x_wconf 94' lang='lat' dir='ltr'>et</span> <span class='ocrx_word' id='word_1_173' title='bbox 457 3626 586 3685; x_wconf 81' lang='lat' dir='ltr'>Andrea</span> <span class='ocrx_word' id='word_1_174' title='bbox 610 3624 728 3704; x_wconf 87' lang='lat' dir='ltr'>juratis.</span> 
     </span>
    </p>

    <p class='ocr_par' dir='ltr' id='par_1_16' title="bbox 355 3729 1453 3812">
     <span class='ocr_line' id='line_1_29' title="bbox 355 3729 1453 3812; baseline 0 -19"><span class='ocrx_word' id='word_1_175' title='bbox 355 3732 434 3793; x_wconf 90' lang='lat' dir='ltr'>Item</span> <span class='ocrx_word' id='word_1_176' title='bbox 459 3730 610 3791; x_wconf 87' lang='lat' dir='ltr'>Anchech</span> <span class='ocrx_word' id='word_1_177' title='bbox 635 3745 665 3792; x_wconf 94' lang='lat' dir='ltr'>et</span> <span class='ocrx_word' id='word_1_178' title='bbox 690 3732 800 3792; x_wconf 91' lang='lat' dir='ltr'>Mareu</span> <span class='ocrx_word' id='word_1_179' title='bbox 825 3744 936 3793; x_wconf 89' lang='lat' dir='ltr'>contra</span> <span class='ocrx_word' id='word_1_180' title='bbox 960 3733 1041 3792; x_wconf 93' lang='lat' dir='ltr'>Zore</span> <span class='ocrx_word' id='word_1_181' title='bbox 1066 3750 1160 3812; x_wconf 90' lang='lat' dir='ltr'>super</span> <span class='ocrx_word' id='word_1_182' title='bbox 1186 3729 1269 3791; x_wconf 85' lang='lat' dir='ltr'>Iacto</span> <span class='ocrx_word' id='word_1_183' title='bbox 1294 3729 1453 3812; x_wconf 89' lang='lat' dir='ltr'>vituperii.</span> 
     </span>
    </p>

    <p class='ocr_par' dir='ltr' id='par_1_17' title="bbox 250 3835 1514 4025">
     <span class='ocr_line' id='line_1_30' title="bbox 356 3835 1514 3916; baseline -0.003 -18"><span class='ocrx_word' id='word_1_184' title='bbox 356 3837 434 3898; x_wconf 91' lang='lat' dir='ltr'>Item</span> <span class='ocrx_word' id='word_1_185' title='bbox 458 3836 621 3897; x_wconf 86' lang='lat' dir='ltr'>Arnoldus</span> <span class='ocrx_word' id='word_1_186' title='bbox 653 3835 738 3898; x_wconf 86' lang='lat' dir='ltr'>filius</span> <span class='ocrx_word' id='word_1_187' title='bbox 763 3836 904 3898; x_wconf 87' lang='lat' dir='ltr'>Graci01i</span> <span class='ocrx_word' id='word_1_188' title='bbox 930 3837 982 3898; x_wconf 92' lang='lat' dir='ltr'>die</span> <span class='ocrx_word' id='word_1_189' title='bbox 1015 3850 1130 3898; x_wconf 90' lang='lat' dir='ltr'>octavo</span> <span class='ocrx_word' id='word_1_190' title='bbox 1162 3835 1257 3897; x_wconf 87' lang='lat' dir='ltr'>debet</span> <span class='ocrx_word' id='word_1_191' title='bbox 1285 3835 1388 3916; x_wconf 89' lang='lat' dir='ltr'>jurare</span> <span class='ocrx_word' id='word_1_192' title='bbox 1419 3853 1514 3916; x_wconf 82' lang='lat' dir='ltr'>super</span> 
     </span>
     <span class='ocr_line' id='line_1_31' title="bbox 250 3943 1041 4025; baseline 0.001 -23"><span class='ocrx_word' id='word_1_193' title='bbox 250 3943 422 4004; x_wconf 91' lang='lat' dir='ltr'>duodecim</span> <span class='ocrx_word' id='word_1_194' title='bbox 447 3943 553 4024; x_wconf 89' lang='lat' dir='ltr'>pensis</span> <span class='ocrx_word' id='word_1_195' title='bbox 578 3954 686 4003; x_wconf 90' lang='lat' dir='ltr'>contra</span> <span class='ocrx_word' id='word_1_196' title='bbox 712 3944 854 4004; x_wconf 81' lang='lat' dir='ltr'>reIIctam</span> <span class='ocrx_word' id='word_1_197' title='bbox 881 3943 1041 4025; x_wconf 85' lang='lat' dir='ltr'>Symonis.</span> 
     </span>
    </p>

    <p class='ocr_par' dir='ltr' id='par_1_18' title="bbox 252 4047 1513 4235">
     <span class='ocr_line' id='line_1_32' title="bbox 359 4047 1513 4130; baseline -0.001 -21"><span class='ocrx_word' id='word_1_198' title='bbox 359 4048 436 4109; x_wconf 90' lang='lat' dir='ltr'>Item</span> <span class='ocrx_word' id='word_1_199' title='bbox 461 4067 555 4108; x_wconf 89' lang='lat' dir='ltr'>causa</span> <span class='ocrx_word' id='word_1_200' title='bbox 580 4067 642 4128; x_wconf 91' lang='lat' dir='ltr'>que</span> <span class='ocrx_word' id='word_1_201' title='bbox 667 4049 799 4108; x_wconf 91' lang='lat' dir='ltr'>vertitur</span> <span class='ocrx_word' id='word_1_202' title='bbox 823 4049 906 4109; x_wconf 89' lang='lat' dir='ltr'>iuter</span> <span class='ocrx_word' id='word_1_203' title='bbox 922 4048 1131 4130; x_wconf 85' lang='lat' dir='ltr'>Drussynam‚</span> <span class='ocrx_word' id='word_1_204' title='bbox 1148 4061 1183 4108; x_wconf 91' lang='lat' dir='ltr'>ut</span> <span class='ocrx_word' id='word_1_205' title='bbox 1196 4060 1347 4125; x_wconf 82' lang='lat' dir='ltr'>actorem,</span> <span class='ocrx_word' id='word_1_206' title='bbox 1371 4060 1403 4108; x_wconf 89' lang='lat' dir='ltr'>et</span> <span class='ocrx_word' id='word_1_207' title='bbox 1427 4047 1513 4108; x_wconf 90' lang='lat' dir='ltr'>Hen-</span> 
     </span>
     <span class='ocr_line' id='line_1_33' title="bbox 252 4152 1513 4235; baseline 0 -21"><span class='ocrx_word' id='word_1_208' title='bbox 252 4154 353 4215; x_wconf 90' lang='lat' dir='ltr'>ricum</span> <span class='ocrx_word' id='word_1_209' title='bbox 378 4152 549 4235; x_wconf 86' lang='lat' dir='ltr'>pellificem</span> <span class='ocrx_word' id='word_1_210' title='bbox 575 4167 620 4214; x_wconf 93' lang='lat' dir='ltr'>est</span> <span class='ocrx_word' id='word_1_211' title='bbox 644 4168 813 4235; x_wconf 83' lang='lat' dir='ltr'>prorogata</span> <span class='ocrx_word' id='word_1_212' title='bbox 838 4153 968 4215; x_wconf 81' lang='lat' dir='ltr'>edocto</span> <span class='ocrx_word' id='word_1_213' title='bbox 993 4154 1071 4232; x_wconf 85' lang='lat' dir='ltr'>dies,</span> <span class='ocrx_word' id='word_1_214' title='bbox 1095 4154 1121 4214; x_wconf 89' lang='lat' dir='ltr'>si</span> <span class='ocrx_word' id='word_1_215' title='bbox 1137 4166 1290 4235; x_wconf 88' lang='lat' dir='ltr'>poterunt</span> <span class='ocrx_word' id='word_1_216' title='bbox 1307 4153 1513 4214; x_wconf 86' lang='lat' dir='ltr'>concordare.</span> 
     </span>
    </p>

    <p class='ocr_par' dir='ltr' id='par_1_19' title="bbox 250 4257 1514 4551">
     <span class='ocr_line' id='line_1_34' title="bbox 355 4257 1513 4338; baseline 0.002 -21"><span class='ocrx_word' id='word_1_217' title='bbox 355 4257 433 4319; x_wconf 93' lang='lat' dir='ltr'>Item</span> <span class='ocrx_word' id='word_1_218' title='bbox 458 4277 551 4319; x_wconf 87' lang='lat' dir='ltr'>causa</span> <span class='ocrx_word' id='word_1_219' title='bbox 576 4278 638 4338; x_wconf 94' lang='lat' dir='ltr'>que</span> <span class='ocrx_word' id='word_1_220' title='bbox 663 4260 796 4320; x_wconf 88' lang='lat' dir='ltr'>vertitur</span> <span class='ocrx_word' id='word_1_221' title='bbox 821 4259 902 4319; x_wconf 88' lang='lat' dir='ltr'>inter</span> <span class='ocrx_word' id='word_1_222' title='bbox 926 4259 1096 4320; x_wconf 92' lang='lat' dir='ltr'>Nicolaum</span> <span class='ocrx_word' id='word_1_223' title='bbox 1123 4272 1277 4320; x_wconf 89' lang='lat' dir='ltr'>sartorem</span> <span class='ocrx_word' id='word_1_224' title='bbox 1303 4272 1334 4320; x_wconf 90' lang='lat' dir='ltr'>et</span> <span class='ocrx_word' id='word_1_225' title='bbox 1358 4259 1513 4320; x_wconf 85' lang='lat' dir='ltr'>Iacobum</span> 
     </span>
     <span class='ocr_line' id='line_1_35' title="bbox 250 4363 1514 4445; baseline 0 -21"><span class='ocrx_word' id='word_1_226' title='bbox 250 4363 371 4425; x_wconf 85' lang='lat' dir='ltr'>dIctum</span> <span class='ocrx_word' id='word_1_227' title='bbox 397 4364 526 4424; x_wconf 86' lang='lat' dir='ltr'>Zirotka</span> <span class='ocrx_word' id='word_1_228' title='bbox 551 4377 598 4425; x_wconf 90' lang='lat' dir='ltr'>est</span> <span class='ocrx_word' id='word_1_229' title='bbox 621 4379 791 4445; x_wconf 85' lang='lat' dir='ltr'>prorogata</span> <span class='ocrx_word' id='word_1_230' title='bbox 816 4365 855 4425; x_wconf 97' lang='lat' dir='ltr'>ad</span> <span class='ocrx_word' id='word_1_231' title='bbox 881 4378 954 4426; x_wconf 92' lang='lat' dir='ltr'>octo</span> <span class='ocrx_word' id='word_1_232' title='bbox 972 4365 1039 4425; x_wconf 90' lang='lat' dir='ltr'>dies</span> <span class='ocrx_word' id='word_1_233' title='bbox 1062 4365 1101 4426; x_wconf 92' lang='lat' dir='ltr'>ad</span> <span class='ocrx_word' id='word_1_234' title='bbox 1118 4365 1340 4426; x_wconf 88' lang='lat' dir='ltr'>testimonium</span> <span class='ocrx_word' id='word_1_235' title='bbox 1365 4363 1514 4445; x_wconf 83' lang='lat' dir='ltr'>Gregorii</span> 
     </span>
     <span class='ocr_line' id='line_1_36' title="bbox 250 4468 849 4551; baseline 0.003 -22"><span class='ocrx_word' id='word_1_236' title='bbox 250 4468 437 4529; x_wconf 88' lang='lat' dir='ltr'>balniatoris</span> <span class='ocrx_word' id='word_1_237' title='bbox 461 4482 491 4528; x_wconf 84' lang='lat' dir='ltr'>et</span> <span class='ocrx_word' id='word_1_238' title='bbox 516 4470 643 4530; x_wconf 87' lang='lat' dir='ltr'>Miklini</span> <span class='ocrx_word' id='word_1_239' title='bbox 667 4471 849 4551; x_wconf 91' lang='lat' dir='ltr'>pannicide.</span> 
     </span>
    </p>

    <p class='ocr_par' dir='ltr' id='par_1_20' title="bbox 250 4572 1514 4868">
     <span class='ocr_line' id='line_1_37' title="bbox 355 4572 1513 4656; baseline 0.002 -23"><span class='ocrx_word' id='word_1_240' title='bbox 355 4572 433 4634; x_wconf 90' lang='lat' dir='ltr'>Item</span> <span class='ocrx_word' id='word_1_241' title='bbox 458 4574 566 4635; x_wconf 86' lang='lat' dir='ltr'>relicta</span> <span class='ocrx_word' id='word_1_242' title='bbox 591 4575 736 4636; x_wconf 89' lang='lat' dir='ltr'>Cernech</span> <span class='ocrx_word' id='word_1_243' title='bbox 761 4576 812 4635; x_wconf 90' lang='lat' dir='ltr'>die</span> <span class='ocrx_word' id='word_1_244' title='bbox 837 4589 950 4637; x_wconf 88' lang='lat' dir='ltr'>octavo</span> <span class='ocrx_word' id='word_1_245' title='bbox 972 4576 1067 4637; x_wconf 91' lang='lat' dir='ltr'>debet</span> <span class='ocrx_word' id='word_1_246' title='bbox 1089 4573 1311 4637; x_wconf 81' lang='lat' dir='ltr'>testImonium</span> <span class='ocrx_word' id='word_1_247' title='bbox 1336 4573 1513 4656; x_wconf 85' lang='lat' dir='ltr'>producere</span> 
     </span>
     <span class='ocr_line' id='line_1_38' title="bbox 250 4677 1514 4762; baseline 0.001 -22"><span class='ocrx_word' id='word_1_248' title='bbox 250 4698 323 4740; x_wconf 91' lang='lat' dir='ltr'>cum</span> <span class='ocrx_word' id='word_1_249' title='bbox 348 4697 448 4740; x_wconf 86' lang='lat' dir='ltr'>uxore</span> <span class='ocrx_word' id='word_1_250' title='bbox 472 4680 499 4742; x_wconf 89' lang='lat' dir='ltr'>I.</span> <span class='ocrx_word' id='word_1_251' title='bbox 533 4682 660 4762; x_wconf 90' lang='lat' dir='ltr'>nepotis</span> <span class='ocrx_word' id='word_1_252' title='bbox 692 4681 828 4742; x_wconf 89' lang='lat' dir='ltr'>Kuroldi</span> <span class='ocrx_word' id='word_1_253' title='bbox 854 4700 889 4742; x_wconf 86' lang='lat' dir='ltr'>ac</span> <span class='ocrx_word' id='word_1_254' title='bbox 920 4695 1020 4742; x_wconf 82' lang='lat' dir='ltr'>matre</span> <span class='ocrx_word' id='word_1_255' title='bbox 1052 4701 1108 4742; x_wconf 84' lang='lat' dir='ltr'>sue</span> <span class='ocrx_word' id='word_1_256' title='bbox 1139 4699 1235 4761; x_wconf 83' lang='lat' dir='ltr'>super</span> <span class='ocrx_word' id='word_1_257' title='bbox 1265 4677 1349 4741; x_wconf 83' lang='lat' dir='ltr'>facto</span> <span class='ocrx_word' id='word_1_258' title='bbox 1372 4679 1514 4741; x_wconf 86' lang='lat' dir='ltr'>vulneris</span> 
     </span>
     <span class='ocr_line' id='line_1_39' title="bbox 250 4781 885 4868; baseline 0.005 -23"><span class='ocrx_word' id='word_1_259' title='bbox 250 4803 307 4866; x_wconf 89' lang='lat' dir='ltr'>per</span> <span class='ocrx_word' id='word_1_260' title='bbox 329 4784 408 4845; x_wconf 91' lang='lat' dir='ltr'>Iuan</span> <span class='ocrx_word' id='word_1_261' title='bbox 432 4781 535 4847; x_wconf 89' lang='lat' dir='ltr'>filium</span> <span class='ocrx_word' id='word_1_262' title='bbox 560 4784 731 4868; x_wconf 88' lang='lat' dir='ltr'>Pez(dech)</span> <span class='ocrx_word' id='word_1_263' title='bbox 755 4785 885 4848; x_wconf 86' lang='lat' dir='ltr'>lactum.</span> 
     </span>
    </p>
   </div>
   <div class='ocr_carea' id='block_1_8' title="bbox 0 0 1749 5250">
    <p class='ocr_par' dir='ltr' id='par_1_21' title="bbox 0 0 1749 5250">
     <span class='ocr_line' id='line_1_40' title="bbox 0 0 1749 5250; baseline 0 0"><span class='ocrx_word' id='word_1_264' title='bbox 0 0 1749 5250; x_wconf 95' lang='lat' dir='ltr'> </span> 
     </span>
    </p>
   </div>
  </div>
 </body>
</html>
