3488 5250
647 351 734 405 Anno
757 360 845 425 1357.
869 380 912 389 —
936 362 964 404 2.
982 349 1074 421 junir'.
1364 334 1374 345 ¹
1449 367 1488 427 93

333 560 408 620 Item
436 559 480 621 St.
507 558 645 639 Saluych
663 571 771 618 contra
798 557 929 639 Gurgek
947 557 1128 618 carnificem
1151 557 1256 638 primo
1288 558 1401 618 citatus
1425 576 1489 617 non

227 665 416 746 comparuit.

332 771 409 831 Item
436 770 558 852 Symon
581 788 680 849 gener
701 768 837 830 Stanech
863 781 972 830 contra
990 766 1135 829 Cernech
1160 768 1264 848 primo
1288 768 1401 829 citatus
1426 788 1490 829 non

226 876 413 957 comparuit.

332 982 410 1042 Item
444 982 606 1041 Marketus
636 978 795 1041 aurifaber
829 995 937 1042 contra
963 980 1091 1041 Mikech
1123 979 1225 1040 filium
1258 981 1419 1041 Leunardi
1443 999 1490 1040 se-

226 1088 332 1149 cundo
361 1089 473 1149 citatus
495 1107 560 1148 non
585 1087 774 1167 comparuit.

331 1193 408 1254 Item
441 1194 589 1272 Dragona
621 1206 709 1252 sutor
740 1206 849 1254 contra
882 1211 1016 1252 uxorem
1054 1191 1205 1272 Symonis
1237 1192 1353 1252 sutoris
1386 1193 1491 1273 primo

227 1301 339 1361 citatus
361 1319 424 1360 non
451 1298 639 1379 comparuit.

332 1406 409 1465 Item
435 1405 514 1465 Fina
539 1417 647 1464 contra
673 1403 835 1482 Sugauam
858 1403 962 1485 primo
987 1403 1100 1464 citatus
1123 1422 1188 1464 non
1212 1403 1402 1484 comparuit.

333 1512 411 1572 Item
436 1510 532 1571 tercia
556 1508 634 1571 feria
658 1509 802 1590 proxima
829 1509 958 1570 Maritus
990 1509 1147 1570 Boniolus
1179 1523 1288 1570 contra
1312 1528 1403 1569 suam
1428 1528 1491 1570 ser·

227 1618 369 1679 vitricem
395 1636 451 1698 per
475 1614 667 1676 Michaelem
685 1614 815 1695 Hudlep
842 1629 873 1676 et
899 1615 966 1675 eius
983 1628 1164 1675 consortem
1182 1614 1400 1675 testimonium
1419 1634 1491 1697 pro·

227 1723 344 1784 ducere
368 1735 494 1783 tenetur
516 1740 610 1802 super
635 1739 684 1797 eo,
710 1719 797 1800 quod
823 1739 930 1781 coram
949 1720 1024 1800 ipsis
1047 1720 1115 1801 ipse
1138 1739 1194 1780 sue
1219 1721 1372 1781 servitrici
1403 1721 1491 1781 satis-

203 1827 362 1905 -Iecisset,
387 1842 452 1889 tam
477 1826 516 1886 de
540 1826 681 1887 serviciis
704 1826 769 1886 suis
793 1845 890 1905 quam
916 1825 1059 1887 crImine.

333 1934 410 1994 Item
432 1952 511 1992 uxor
537 1932 623 1993 Mike
648 1930 784 1991 condam
810 1930 918 1991 relicta
944 1930 1085 1991 Simonis
1111 1930 1276 1991 Sterniche
1299 1932 1397 1992 tercia
1414 1931 1491 1993 feria

227 2040 371 2122 proxima
405 2057 461 2120 per
493 2037 700 2117 Drugenum‚
734 2036 844 2097 Rados
875 2051 905 2097 et
938 2035 1123 2097 Cernchech
1155 2049 1265 2097 contra
1289 2037 1371 2097 Zore
1404 2039 1491 2098 testi-

228 2147 372 2207 monium
394 2144 571 2226 producere
589 2157 714 2205 tenetur
737 2162 898 2224 supereo,
923 2142 1011 2223 quod
1028 2141 1068 2203 ad
1092 2142 1206 2202 scitum
1224 2156 1254 2203 et
1278 2142 1318 2203 ad
1344 2144 1491 2205 auditum

228 2271 339 2312 eorum
365 2251 432 2332 ipae
458 2251 537 2310 Zore
562 2268 594 2310 se
619 2250 717 2309 boves
741 2269 826 2326 suos,
860 2268 933 2309 cum
958 2268 1013 2310 eos
1044 2249 1270 2330 apreciaverat,
1303 2252 1492 2331 promiserat

227 2375 398 2418 asservare.

333 2461 411 2521 Item
436 2460 576 2521 Brumen
601 2471 710 2520 contra
736 2458 896 2520 Janchech
920 2460 1062 2520 secundo
1081 2460 1194 2520 citatus
1218 2479 1283 2521 non
1302 2463 1492 2543 comparuit.

334 2568 411 2628 Item
435 2566 531 2627 luech
557 2565 656 2625 Piuka
680 2578 790 2625 contra
804 2566 904 2626 Perch
921 2566 1063 2626 secundo
1089 2565 1202 2626 citatus
1218 2584 1284 2626 non
1302 2568 1492 2649 comparuit.

333 2673 411 2735 Item
435 2671 629 2733 Benedictus
660 2670 782 2752 Braych
815 2686 924 2733 contra
957 2671 1116 2733 Janchech
1148 2672 1252 2753 prImo
1280 2673 1395 2734 citatus
1427 2692 1492 2735 non

228 2779 417 2861 comparuit.

334 2884 412 2946 Item
437 2889 545 2965 Arney
569 2897 669 2944 sartor
693 2902 794 2964 usque
827 2883 1070 2964 quindecimum
1101 2883 1187 2944 diem
1218 2897 1344 2946 tenetur
1368 2885 1492 2947 solvere

229 2992 365 3052 Petreno
390 2989 484 3050 ZoIar
508 2990 536 3050 X
561 2989 629 3050 flor.
655 3005 684 3049 et
710 2989 747 3049 III
766 2989 926 3066 denarios,
951 3008 1033 3070 quos
1049 3009 1107 3050 suo
1125 2989 1305 3068 juramento
1330 2990 1492 3052 mediante

229 3097 333 3178 ipsum
357 3096 417 3156 sibi
442 3095 541 3156 teneri
571 3095 801 3176 comprobavit.

335 3202 412 3263 Item
437 3202 548 3262 KurIto
581 3213 690 3261 contra
722 3201 761 3263 N.
795 3199 897 3260 filium
922 3199 1075 3260 Inandiak
1107 3200 1249 3261 secundo
1281 3201 1394 3262 citatus
1426 3220 1492 3262 nou

231 3308 420 3389 comparuit.

335 3412 412 3473 Item
422 3417 533 3473 Annos
541 3427 649 3474 contra
661 3431 791 3473 uxorem
803 3410 945 3472 eiusdem
958 3412 995 3472 N.
1009 3412 1113 3493 prImo
1123 3413 1216 3473 citata
1226 3432 1290 3472 non
1302 3412 1492 3494 comparuit.

335 3519 413 3579 Item
439 3519 524 3579 Nike
548 3517 694 3579 Arsolich
720 3530 828 3578 contra
854 3517 977 3578 Petrich
995 3531 1136 3579 sutorem
1160 3518 1265 3599 primo
1289 3518 1403 3579 citatus
1426 3537 1492 3580 non

229 3625 416 3707 comparuit.
615 3693 618 3700 ,

337 3731 414 3792 Item
450 3730 531 3791 Pero
563 3744 671 3791 contra
704 3732 743 3793 N.
776 3729 922 3792 Pezdech
954 3730 994 3790 ad
1026 3744 1099 3791 octo
1128 3729 1196 3791 dies
1231 3730 1350 3812 recepit
1384 3730 1493 3792 termi-

230 3857 306 3897 num
333 3837 372 3897 ad
396 3835 669 3916 respondendum.

334 3941 412 4002 Item
437 3943 563 4002 Marcus
587 3941 767 4003 Lachkonis
791 3961 893 4022 usque
911 3941 1152 4021 quindecImum
1179 3941 1264 4002 diem
1287 3956 1413 4003 tenetur
1430 3942 1493 4004 sol·

230 4067 302 4106 vere
327 4046 441 4127 Artuig
468 4046 519 4106 IIII
546 4046 614 4108 flor.

335 4153 413 4213 Item
437 4153 533 4214 tercia
559 4152 636 4213 feria
653 4153 798 4234 proxima
823 4152 908 4213 idem
935 4153 1042 4213 Marco
1060 4167 1170 4213 contra
1195 4152 1353 4235 prefatum
1379 4155 1494 4236 Artuig

229 4259 304 4319 bina
329 4258 396 4318 vice
422 4258 524 4319 iurare
549 4271 685 4320 tenetur.

335 4364 413 4424 Item
442 4365 581 4424 briccius
605 4379 714 4425 contra
731 4364 913 4444 Dragauam
930 4363 1073 4424 secundo
1092 4365 1204 4425 citatus
1221 4384 1285 4426 non
1304 4365 1493 4446 comparuit.

336 4469 412 4530 Item
438 4471 512 4532 licet
536 4470 673 4530 Michael
698 4469 786 4530 faber
810 4470 842 4530 in
875 4470 1012 4550 presenti
1036 4469 1156 4548 judicio
1190 4483 1298 4531 contra
1326 4471 1493 4530 Mortonos

229 4575 411 4635 seIIatorem
435 4595 619 4657 comparere
644 4590 673 4637 et
697 4575 889 4656 respondere
912 4575 1083 4652 debuisset,
1108 4589 1214 4635 tamen
1240 4594 1305 4635 non
1329 4575 1417 4636 venit
1435 4594 1493 4635 nec

230 4680 325 4756 misit,
339 4694 370 4741 et
385 4659 458 4742 ideo
475 4700 547 4742 cum
564 4681 748 4761 gravamine
765 4680 874 4759 judicii
893 4693 1007 4741 octavo
1024 4680 1075 4741 die
1097 4700 1283 4761 comparere
1307 4693 1337 4741 et
1362 4699 1492 4761 respon-

230 4783 303 4845 dere
328 4784 468 4847 debebit.
