3488 5250
604 321 691 377 Anno
718 330 806 396 1357.
830 354 874 363 -
896 333 948 378 20.
963 317 1118 397 januarii.
1454 336 1495 399 77

338 529 417 592 Item
443 549 617 611 causaque
642 529 775 591 vertitur
792 529 873 590 inter
897 530 923 591 J.
948 531 1103 610 Neterger
1118 543 1149 591 et
1165 529 1301 591 Paulum
1328 528 1368 590 ad
1385 547 1497 611 pacem

234 635 273 697 ad
298 650 371 698 octo
396 635 465 697 dies
489 650 535 697 est
559 649 738 717 prorogata.

339 741 417 802 Item
442 740 487 803 St.
514 741 633 801 Zauala
658 754 768 802 contra
792 741 831 801 N.
855 754 998 802 sutorem
1026 740 1206 821 comparuit
1230 753 1264 801 ut
1287 739 1409 802 debuit.

338 847 417 909 Item
441 846 516 908 licet
540 846 640 908 Piuka
664 860 773 908 contra
799 846 963 908 Emricum
996 846 1121 908 Kokich
1153 847 1184 907 iu
1216 846 1354 928 presenti
1378 845 1498 907 iudicio

232 970 417 1034 comparere
441 967 472 1014 et
496 952 688 1035 respondere
705 951 877 1030 debuisset,
900 966 1007 1012 tamen
1024 971 1089 1012 non
1107 952 1194 1014 venit
1216 971 1276 1013 nec
1299 970 1358 1034 pro
1382 971 1416 1013 se
1439 949 1497 1012 ali·

235 1076 332 1137 quem
357 1057 452 1121 misit.

279 1280 374 1364 Nota,
403 1280 491 1370 quod
519 1279 605 1350 lesia
633 1286 730 1350 sexta
759 1283 912 1368 proxima
941 1287 1018 1368 post
1044 1279 1168 1351 festum
1195 1280 1286 1350 beati
1314 1275 1472 1349 Anthonll

762 1403 976 1475 confessoris.

736 1556 799 1633 (20.
818 1557 989 1633 januam).

342 1695 450 1757 Primo
482 1694 702 1778 principaliter
732 1695 871 1757 Iacobus
902 1696 978 1756 Kun
1009 1707 1125 1756 octavo
1150 1694 1202 1757 die
1226 1706 1352 1756 tenetur
1375 1693 1500 1756 solvere

238 1801 405 1865 Anthonio
429 1801 587 1863 sacerdoti
611 1801 699 1862 LXX
722 1801 872 1874 denarios
896 1801 1003 1862 minus
1027 1819 1104 1862 uno.

343 1907 421 1970 Item
447 1906 639 1969 Benedictus
663 1920 773 1969 contra
798 1908 941 1969 Marcum
963 1906 1069 1989 primo
1093 1906 1206 1967 citatus
1221 1925 1287 1967 non
1311 1905 1501 1993 comperuit.

343 2014 421 2075 Item
447 2013 557 2075 Maren
582 2027 696 2074 octavo
721 2013 772 2074 die
803 2026 913 2075 contra
936 2012 1018 2073 Zore
1043 2011 1162 2094 recepit
1191 2011 1366 2074 terminum
1389 2010 1430 2073 ad
1453 1992 1502 2072 ress

237 2118 475 2203 spondendum.

344 2225 421 2286 Item
448 2223 604 2285 Martinus
628 2237 737 2286 contra
761 2224 844 2286 Zore
868 2223 966 2286 tercio
992 2224 1107 2285 citatus
1130 2242 1195 2284 non
1223 2221 1414 2304 comparuit.

343 2331 421 2392 Item
445 2330 485 2391 N.
511 2343 621 2391 contra
644 2330 799 2391 Zaualam
822 2330 928 2412 primo
952 2330 1066 2391 citatus
1090 2349 1155 2391 non
1180 2329 1370 2411 comparuit.

344 2436 422 2498 Item
446 2435 546 2497 Piuka
570 2448 680 2497 contra
703 2436 743 2499 N.
768 2436 890 2498 Marich
913 2436 1018 2518 primo
1042 2435 1156 2496 citatus
1180 2454 1245 2496 non
1268 2434 1458 2516 comparuit.

344 2542 423 2603 Item
440 2541 558 2602 Paulus
574 2560 676 2622 usque
693 2541 937 2623 quindecimum
957 2541 1043 2603 diem
1061 2553 1188 2602 tenetur
1204 2540 1366 2622 deponere
1383 2533 1504 2603 tectum

238 2647 365 2725 domus,
389 2647 477 2729 quod
502 2661 549 2709 est
571 2647 604 2708 In
627 2660 710 2709 terra
733 2667 789 2709 seu
813 2647 915 2709 fundo
939 2647 1073 2710 Mareni.

344 2753 422 2815 Item
446 2753 534 2834 Zuga
559 2765 668 2814 contre
692 2753 836 2815 Markam
862 2753 965 2835 primo
990 2753 1084 2814 citata
1107 2772 1173 2813 non
1206 2753 1396 2835 comparuit.

346 2859 423 2920 Item
448 2878 542 2920 causa
567 2878 629 2939 que
653 2850 786 2920 vertitur
811 2860 892 2921 inter
916 2860 943 2921 J.
971 2859 1125 2940 Neterger
1148 2872 1179 2920 et
1202 2857 1339 2920 Paulum
1362 2871 1409 2920 est
1431 2877 1504 2940 pro·

238 2977 347 3046 rogata
372 2964 412 3026 ad
435 2978 586 3026 octavum
609 2963 696 3026 diem
720 2964 875 3027 adventus
907 2965 1091 3026 Krawtrum
1120 2963 1160 3025 ad
1192 2963 1430 3026 exhibicionem
1454 2963 1502 3025 in·

239 3085 502 3133 strumentorum.

346 3176 422 3238 ltem
448 3191 534 3255 nota,
558 3177 646 3258 quod
662 3191 729 3239 tota
754 3177 968 3239 communitas
983 3176 1136 3238 relaxavit
1152 3175 1320 3238 collectam
1346 3174 1504 3258 Gregorio

240 3282 400 3362 vigilatori
426 3282 465 3343 de
492 3302 555 3344 una
580 3284 666 3345 curia
688 3283 796 3344 minus
826 3297 948 3360 octava,
981 3282 1072 3344 cuius
1103 3282 1303 3364 dispensator
1328 3295 1395 3344 erat
1420 3282 1503 3344 Marss

238 3387 325 3449 tinus
347 3387 515 3450 Anthonii.

347 3494 423 3555 Item
434 3493 515 3555 Vole
528 3507 629 3555 sartor
641 3507 750 3555 contra
765 3493 976 3555 Malchicham
991 3493 1096 3576 primo
1108 3493 1222 3555 citatus
1234 3512 1299 3555 non
1313 3495 1505 3576 comparuit.

348 3600 425 3660 ltem
461 3618 540 3660 uxor
576 3599 712 3660 Mathias
756 3613 865 3661 contra
905 3599 1097 3682 Dyonisium
1131 3598 1274 3660 secundo
1309 3599 1409 3661 citata
1437 3614 1504 3661 non

245 3706 433 3789 comparuit.

347 3812 424 3873 Item
450 3811 581 3892 Drugen
606 3824 715 3872 contre
739 3811 821 3873 Zore
845 3811 989 3873 secundo
1015 3811 1128 3873 citatus
1152 3831 1217 3874 non
1241 3811 1431 3893 comparuit.

347 3918 425 3979 Item
450 3936 628 3998 causaque
659 3917 792 3978 vertitur
825 3917 907 3978 inter
930 3917 1038 3979 Petres
1069 3916 1249 3979 carnificem
1281 3930 1312 3978 et
1337 3916 1442 3977 Elium
1465 3916 1506 3978 ad

241 4037 314 4085 octo
339 4023 408 4084 dies
432 4022 471 4084 ad
496 4041 607 4104 pacem
632 4037 679 4084 est
701 4035 871 4104 prorogata
895 4021 946 4084 vel
970 4023 1213 4103 responsionem
1237 4020 1429 4084 faciendam.

347 4128 425 4188 Item
450 4142 564 4189 octavo
589 4127 640 4188 die
667 4125 707 4191 G.
732 4128 812 4190 Zuik
837 4141 946 4189 contre
970 4126 1098 4189 Mathus
1122 4125 1250 4189 fratrem
1276 4126 1419 4188 custodis
1440 4139 1507 4188 met

241 4233 397 4315 septimus
421 4233 549 4294 racione
572 4231 738 4294 cuiusdam
763 4233 856 4294 bovis
878 4231 1093 4313 juramentum
1117 4232 1279 4315 deponere
1303 4244 1438 4296 tenetur.

772 4529 968 4552 ——000——-
