3488 5250
215 321 275 380 ¹4⁰
364 279 366 282 ’
565 301 652 359 Anno
674 313 765 377 1359.
790 334 833 345 —
857 314 907 358 ιο.
930 301 1103 375 septembris.
1131 309 1136 318 ’

316 512 396 574 Item
427 512 503 573 Iuan
535 510 620 573 filius
651 511 776 573 Petreni
815 512 920 593 primo
960 513 1072 574 citatus
1113 525 1224 573 contra
1259 510 1368 573 Lachk
1407 530 1473 573 non

211 617 401 699 comparuit.
1044 627 1047 631 “

318 722 395 783 Item
428 721 558 804 Mathey
590 719 728 783 carnifex
754 735 863 785 contra
887 724 1002 804 Artng
1025 723 1131 806 primo
1153 723 1268 785 citatus
1291 741 1356 784 non
1388 741 1475 784 com·
1542 720 1545 728 '

210 828 326 911 paruit.

319 935 397 996 Item
423 934 590 996 Emericus
613 934 758 997 Kochich
782 948 891 997 contra
917 934 1055 996 Paulum
1079 935 1234 1016 pictorem
1258 934 1401 996 secundo
1432 935 1476 996 ci-

212 1053 296 1102 tatus
319 1060 385 1103 non
410 1040 600 1122 comparuit.

319 1146 397 1207 Item
430 1146 507 1207 Iuau
538 1165 639 1228 nepos
671 1146 840 1228 Zequirich
874 1159 984 1208 contra
1015 1145 1106 1208 Achk
1137 1146 1235 1207 tercio
1268 1145 1380 1207 citatus
1411 1163 1477 1206 non

212 1251 405 1334 comparuit.

282 1454 378 1539 Nota,
407 1454 492 1542 quod
523 1463 621 1525 sexta
650 1453 735 1525 feria
768 1457 922 1543 proxima
949 1461 1028 1526 ante
1055 1453 1180 1525 festum
1208 1453 1409 1527 Nativitatie

688 1577 831 1667 vitginis
858 1578 1013 1666 gloriose.

726 1744 770 1824 (6.
793 1749 978 1826 septembris).

323 1888 401 1949 Item
434 1889 459 1948 si
492 1907 593 1969 usque
623 1888 934 1968 quintumdecimum
963 1889 1048 1950 diem
1078 1887 1254 1968 Gregorius
1283 1885 1379 1947 frater
1406 1885 1481 1946 Jaxe

216 2006 325 2054 contra
351 1993 531 2055 Obramum
556 1993 651 2054 Zolar
676 1994 838 2074 quandam
863 1994 1004 2075 puellam
1036 2014 1100 2055 non
1125 2005 1257 2073 statuet,
1280 2004 1396 2054 extunc
1421 2009 1481 2072 pro

217 2098 329 2160 eadem
356 2098 396 2159 ad
421 2098 585 2160 accionem
610 2099 710 2180 ipsIus
732 2098 772 2158 ad
797 2099 957 2181 integrum
982 2098 1175 2181 respondere
1200 2097 1340 2160 debebit.

323 2205 401 2267 Item
433 2204 585 2267 Nicolaus
617 2204 827 2266 Zrebernicha
869 2218 978 2266 contra
1011 2205 1086 2267 Iuan
1122 2205 1228 2286 primo
1268 2203 1381 2265 citatus
1416 2221 1481 2264 non

216 2312 409 2394 comparuit.

325 2419 403 2479 Item
430 2415 588 2497 Georgius
619 2415 757 2499 piscator
788 2430 898 2478 contra
931 2416 1113 2498 Drusynam
1135 2416 1241 2498 primo
1272 2416 1386 2478 citatus
1416 2434 1482 2476 non

218 2523 409 2606 comparuit.

325 2630 404 2691 Item
429 2628 554 2690 Malech
579 2640 688 2689 contra
713 2628 868 2689 Iacobum
893 2628 998 2710 primo
1023 2628 1135 2690 citatus
1157 2646 1221 2689 non
1247 2626 1437 2707 comparuit.

326 2736 404 2796 Item
429 2735 602 2795 Krauturm
625 2747 734 2795 contra
759 2734 915 2795 Jacobum
943 2734 1097 2796 Croatum
1121 2733 1263 2795 secundo
1280 2733 1392 2794 citatus
1417 2751 1482 2794 non

220 2841 410 2922 comparuit.

327 2948 404 3008 Item
429 2946 580 3008 dominus
593 2945 720 3007 Mikech
744 2945 881 3007 condam
905 2945 1000 3026 judex
1025 2965 1163 3023 causam,
1188 2964 1251 3026 que
1276 2944 1358 3005 inter
1382 2944 1483 3026 magi·

220 3066 321 3114 strum
346 3052 392 3116 St.
416 3051 518 3113 filium
533 3053 612 3114 Beni
634 3065 666 3114 et
682 3051 787 3134 ipsum
810 3052 953 3130 vertitur,
977 3051 1018 3112 ad
1036 3063 1164 3112 octavas
1188 3050 1344 3112 adventus
1360 3050 1484 3112 domiui

222 3159 306 3221 Petri
333 3158 372 3221 de
397 3159 483 3220 curia
508 3158 540 3219 in
564 3159 754 3239 Zagrabiam
777 3158 973 3239 prorogavit.
1234 3164 1235 3169 ’

329 3265 407 3327 Item
432 3263 554 3326 Obram
579 3278 689 3327 contra
705 3264 869 3344 Zugauam
896 3264 1000 3347 primo
1024 3263 1138 3324 citatus
1161 3281 1225 3323 non
1251 3263 1440 3344 comparuit.

328 3372 405 3432 Item
430 3391 524 3432 causa
548 3370 775 3452 produchonis
795 3369 971 3431 testImonii
989 3368 1078 3430 Iuani
1101 3368 1142 3429 ad
1166 3368 1306 3450 primum
1330 3367 1486 3449 judicium

214 3494 268 3542 ‘est
290 3492 471 3561 prorogata.

327 3584 407 3646 Item
440 3583 559 3645 Paulus
590 3596 678 3644 sutor
710 3595 819 3642 contra
852 3580 1015 3642 Thomam
1051 3599 1204 3661 magnum
1238 3579 1343 3660 primo
1374 3578 1487 3639 citatus

222 3711 288 3752 non
313 3690 502 3771 comparuit.

328 3797 406 3858 Item
431 3796 507 3857 Iuan
532 3807 640 3856 contra
665 3793 773 3854 Lachk
797 3791 938 3855 secundo
962 3793 1076 3854 citatus
1094 3811 1165 3853 nou
1189 3789 1378 3872 comparuit.

249 4013 348 4088 Feria
378 4017 486 4086 tercia
515 4015 667 4103 proxima
696 4020 773 4102 post
799 4012 923 4084 festum
953 4012 1153 4083 Nativitatis
1182 4011 1278 4081 beate
1306 4008 1459 4096 virginis.

719 4171 783 4238 (10.
806 4165 993 4239 septembris).

331 4328 439 4389 Primo
463 4326 548 4388 filius
573 4331 681 4408 Arney
705 4338 814 4385 contra
839 4322 1002 4384 Thomam
1026 4321 1228 4418 glacIIparum
1254 4318 1358 4401 primo
1376 4317 1489 4378 citatus

225 4455 291 4496 non
316 4434 504 4516 comparuit.

266 4551 268 4554 ’
332 4540 409 4601 Item
434 4554 547 4601 octavo
572 4539 623 4600 die
640 4537 786 4600 Andreas
810 4548 920 4596 contra
942 4535 1076 4595 Peterko
1101 4545 1242 4594 sutorem
1264 4550 1322 4613 per
1344 4530 1488 4594 relictam

227 4645 338 4708 Jacobi
362 4660 393 4708 et
416 4645 608 4726 jobagissam
633 4645 710 4705 Iuan
728 4639 950 4705 Chidauchich
968 4658 1062 4722 super
1079 4638 1245 4720 vituperiis
1268 4635 1489 4698 testImonium
1533 4633 1535 4638 ’

225 4749 403 4834 producere
427 4765 562 4814 tenetur.
628 4731 632 4735 ⁵
