3488 5250
665 305 863 384 Anno1362.
888 341 930 350 —
948 318 982 382 5.
1000 309 1083 383 julii.

350 518 428 580 ltem
454 518 622 600 Draganus
654 533 685 580 et
713 518 854 582 Cussech
887 531 996 580 contra
1028 517 1167 580 eundem
1199 519 1373 581 Martinam
1405 518 1511 599 primo

243 624 328 686 citati
353 644 418 686 non
442 637 700 706 comparuerunt.

348 731 427 793 Item
453 730 599 792 Thomas
622 730 764 793 secundo
788 744 819 792 et
843 730 946 792 Draxe
969 730 1068 792 tercio
1093 730 1179 792 citati
1204 744 1312 792 contra
1337 729 1507 792 Nicolaum

243 837 438 898 Januensem
462 856 527 898 non
553 851 812 918 comparuerunt.

348 941 426 1003 Item
451 954 565 1005 octavo
590 942 641 1004 die
668 941 754 1004 filius
777 942 908 1024 Drugen
924 943 977 1004 vel
994 944 1063 1005 eius
1089 956 1286 1025 procurator,
1303 941 1362 1023 jus,
1378 942 1404 1002 si
1421 941 1508 1023 quod

243 1060 354 1109 contra
377 1047 516 1110 litteram
540 1068 596 1130 per
616 1048 794 1131 Georgium
811 1048 1000 1131 productam
1024 1049 1165 1127 habebit,
1178 1048 1356 1131 producere
1379 1047 1509 1109 debent.

350 1154 427 1215 ltem
452 1167 566 1216 octavo
592 1155 643 1216 die
667 1155 815 1217 Vrbanus
840 1168 949 1217 contra
972 1156 1143 1216 Nicolaum
1176 1174 1208 1216 se
1233 1154 1392 1216 secundus
1415 1172 1511 1235 super

242 1279 299 1321 sua
323 1260 548 1322 cruentacione
571 1260 697 1341 jurabit.

227 1442 229 1444 q
350 1365 427 1427 ltem
453 1386 547 1427 causa
570 1365 635 1428 filie
661 1367 785 1429 Ozuras
808 1378 840 1429 et
863 1367 1021 1449 jobagisse
1038 1367 1194 1428 lobannis
1216 1366 1345 1427 sartoris
1369 1365 1409 1426 ad
1435 1379 1507 1427 octo

242 1471 310 1533 dies
334 1485 381 1534 est
405 1473 444 1533 ad
470 1493 581 1555 pacem
607 1487 786 1556 prorogata.

349 1578 426 1640 ltem
452 1579 528 1660 quia
551 1579 704 1641 Nicolaus
735 1579 844 1658 ruffus,
875 1580 964 1641 Bank
989 1579 1175 1641 verberibus
1203 1578 1306 1640 affecit
1339 1591 1369 1639 et
1393 1576 1508 1638 exinde

241 1702 298 1765 per
321 1696 416 1745 testes
448 1685 612 1746 convictus
645 1686 759 1763 extitit,
791 1687 871 1769 parti
904 1686 1036 1748 adverse
1068 1684 1146 1747 duas
1174 1698 1204 1746 et
1235 1683 1332 1766 judici
1368 1683 1508 1744 mediam

242 1787 407 1872 (marcam)
432 1809 534 1873 usque
559 1791 738 1872 quindenas
762 1792 885 1854 solvere
911 1793 1016 1853 debet.

348 1895 426 1957 ltem
450 1915 544 1958 causa
569 1897 719 1980 Ortolphi
744 1913 775 1960 et
792 1898 946 1960 lobannis
969 1898 1097 1959 litterati
1122 1898 1153 1958 in
1179 1895 1262 1958 lacto
1286 1896 1360 1977 equi
1378 1894 1417 1956 ad
1435 1908 1508 1956 octo

242 2000 311 2063 dies
337 2002 445 2064 estad
471 2023 583 2085 pacem
608 2018 788 2086 prorogata.

347 2112 425 2174 ltem
457 2112 533 2174 luan
570 2127 679 2175 contra
704 2112 783 2175 Wllr
822 2111 1113 2174 molendinatorem
1147 2110 1252 2192 primo
1292 2109 1406 2170 citatus
1441 2127 1506 2168 non

242 2218 431 2300 comparuit.
1048 2289 1050 2292 Α

346 2324 424 2385 ltem
450 2324 591 2407 Kyrinus
608 2337 718 2386 contra
735 2323 871 2384 Paulum
895 2323 1054 2386 sororium
1071 2342 1164 2384 suum
1181 2321 1213 2383 in
1231 2321 1387 2383 universis
1403 2320 1507 2382 causis

241 2429 306 2490 suis
330 2431 425 2491 motis
450 2430 699 2513 quomodolibet
724 2448 781 2512 per
805 2430 943 2491 eundem
967 2430 1143 2492 succubuit.

347 2537 426 2599 ltem
451 2537 525 2598 licet
549 2536 644 2599 luech
672 2537 789 2599 Katam
821 2536 957 2615 citasset‚
988 2550 1096 2598 tamen
1128 2555 1193 2597 non
1218 2534 1306 2597 venit
1330 2553 1388 2595 nec
1410 2533 1507 2595 misit.

346 2642 424 2704 ltem
449 2663 542 2704 causa
567 2663 629 2724 que
655 2643 787 2704 vertitur
811 2644 893 2705 inter
910 2643 1110 2704 Demetrium
1134 2656 1165 2704 et
1188 2642 1352 2703 Thomam
1375 2639 1415 2701 ad
1433 2652 1506 2701 octo

241 2747 309 2809 dies
332 2761 378 2809 est
401 2747 442 2809 ad
465 2768 577 2830 pacem
602 2762 783 2831 prorogata.
916 2740 917 2743 ¹

348 2854 425 2916 ltem
450 2869 564 2916 octavo
590 2855 642 2916 die
675 2855 826 2917 dominus
851 2856 1012 2917 Johannes
1045 2854 1177 2937 Crispus
1209 2854 1304 2916 debet
1328 2852 1505 2936 producere

239 2960 459 3023 testimonium
492 2981 586 3043 super
617 2981 667 3041 eo,
700 2962 788 3043 quod
821 2962 853 3022 in
885 2963 1100 3044 acquisicione
1133 2981 1229 3023 cause
1258 2973 1367 3022 contra
1398 2960 1506 3040 Matey

242 3066 380 3128 Sculram
404 3081 502 3147 mote‚
526 3067 672 3128 Andreas
695 3067 835 3150 Philippi
859 3087 918 3150 pro
948 3068 1064 3131 eodem
1088 3069 1196 3150 Matey
1220 3067 1404 3149 irequisitus
1419 3064 1505 3126 testi·

241 3171 373 3234 ficasset.

347 3278 425 3341 ltem
450 3292 565 3341 octavo
594 3280 646 3341 die
676 3280 838 3342 Fabianus
869 3295 979 3341 contra
1011 3281 1175 3342 Donatum
1206 3299 1304 3361 super
1335 3298 1385 3357 eo,
1417 3276 1505 3359 quod

240 3386 307 3467 ipse
332 3405 433 3447 unum
458 3385 579 3446 monile
603 3406 662 3470 pro
686 3405 743 3448 sua
767 3387 903 3469 pecunia
928 3386 1170 3468 comparaverit,
1195 3387 1411 3468 juramentum
1435 3403 1505 3466 pre·

239 3504 320 3553 stare
344 3491 449 3554 debet.

345 3598 421 3659 ltem
448 3598 608 3681 Georgius
633 3598 752 3661 Ganini
783 3613 892 3662 contra
917 3601 1047 3662 Petrum
1079 3619 1270 3662 assessorem
1295 3596 1438 3661 secundo
1462 3597 1504 3658 ci·

239 3717 322 3767 tatus
345 3724 412 3766 non
438 3705 626 3787 comparuit.

422 3920 520 3997 Ferit
548 3928 655 3998 tercia
683 3929 839 4015 proxima
866 3933 944 4015 post
971 3926 1158 4017 predictum
1185 3925 1317 3997 festum.

794 4078 949 4156 (5.julis).

345 4234 452 4295 Primo
476 4233 635 4317 Georgius
668 4233 798 4296 Gianini
830 4247 940 4298 contra
971 4236 1139 4298 Wlkotam
1163 4237 1268 4319 primo
1301 4237 1413 4299 citatus
1437 4256 1501 4300 non

238 4340 427 4422 comparuit.

344 4447 421 4507 ltem
448 4446 603 4508 Martinus
629 4447 753 4529 Reyniz
777 4447 818 4508 ad
843 4447 1008 4509 accionem
1026 4448 1110 4510 Petri
1123 4447 1179 4510 filii
1206 4448 1336 4529 Donati,
1353 4449 1502 4531 legittimi

238 4554 452 4634 procuratoris
477 4553 600 4615 domini
625 4553 709 4615 Petri
735 4553 865 4636 Ligerii‚
895 4555 1028 4617 asseruit
1052 4575 1084 4616 se
1109 4576 1177 4618 esse
1198 4555 1419 4618 fideiussorem
1443 4575 1502 4638 pro

238 4655 386 4720 Iohanne
410 4659 564 4737 Barbam,
590 4660 741 4741 idemque
755 4660 917 4722 Johannes
941 4660 1101 4722 Barbacus
1124 4660 1164 4722 de
1187 4660 1374 4723 huiusmodi
1392 4660 1502 4724 debito

236 4761 289 4823 die
313 4761 347 4823 in
369 4765 507 4847 presenti
531 4765 703 4848 assumpsit
726 4764 903 4848 inpendere
926 4764 1191 4830 satisfaccionem.
