3488 5250
579 1457 726 1554 (Anno
755 1455 938 1548 Domini
964 1454 1246 1559 MCCCLXIH.)

271 1811 380 1904 Nota,
409 1813 505 1912 quod
524 1836 617 1888 anno
643 1814 774 1889 domini
808 1815 994 1891 millesimo
1014 1815 1273 1890 trecentesimo
1303 1815 1534 1915 sexagesimo

270 1939 397 2029 terci0,
431 1938 522 2012 feria
564 1947 668 2012 sexta
704 1939 866 2037 proxima
903 1948 989 2038 post
1027 1939 1239 2014 dominicam
1278 1938 1535 2029 Reminiscere,

270 2069 436 2161 tempore
462 2060 643 2158 judicatus
672 2060 823 2161 Mykech
851 2060 910 2136 filii
939 2061 1072 2154 Hench,
1096 2061 1227 2160 judicis
1261 2062 1414 2137 civitatis
1445 2058 1534 2136 Gre-

457 2185 608 2274 chensis,
637 2192 764 2259 notate
802 2193 885 2260 sont
912 2187 1080 2261 acciones
1110 2186 1349 2261 causancium.

806 2364 848 2438 (3.
872 2364 993 2428 martii).

377 2522 485 2582 Primo
522 2521 675 2582 Nicolaus
711 2519 851 2581 decanus
886 2534 995 2582 contra
1030 2521 1135 2582 Vanse
1181 2520 1285 2602 primo
1317 2520 1429 2581 citatus
1469 2538 1534 2581 non

271 2642 461 2711 comparuit.

377 2733 455 2794 Item
480 2733 586 2813 junior
617 2732 701 2794 filius
726 2732 858 2813 Georgii
893 2733 932 2793 de
956 2732 1090 2794 Rabuch
1115 2746 1225 2794 contra
1257 2733 1399 2794 Blasium
1431 2733 1535 2814 primo

272 2841 384 2902 citatus
408 2860 473 2901 non
502 2840 692 2920 comparuit.

378 2946 455 3007 item
480 2946 630 3025 Diagona
655 2958 764 3007 contra
789 2946 885 3006 Jurak
910 2946 1015 3027 primo
1047 2946 1160 3007 citatus
1185 2964 1250 3006 non
1275 2944 1464 3026 comparuit.

377 3052 455 3112 Item
481 3051 636 3111 Martinus
661 3063 770 3112 contra
794 3051 940 3132 Dragech
973 3052 1077 3132 primo
1110 3051 1223 3112 citatus
1247 3069 1312 3111 non
1344 3049 1532 3131 comparuit.

379 3158 455 3218 item
488 3175 582 3217 causa
615 3157 743 3218 Martini
779 3170 810 3217 et
845 3155 969 3218 Nicolai
1001 3157 1042 3217 ad
1074 3170 1146 3217 octo
1180 3155 1248 3217 dies
1283 3169 1329 3216 est
1358 3154 1398 3216 ad
1422 3173 1534 3236 pacem

272 3276 452 3346 prorogata.

376 3369 453 3429 item
490 3368 646 3429 Martinus
680 3369 770 3448 niger
801 3380 911 3429 contra
943 3367 1152 3429 Benedictum
1186 3368 1290 3449 primo
1322 3367 1436 3429 citatus
1465 3386 1531 3428 non

272 3474 461 3555 comparuit.

378 3579 454 3641 item
481 3579 726 3640 Bartholomeus
750 3579 951 3660 apotecarius
975 3593 1082 3640 contra
1108 3598 1157 3639 ser
1183 3579 1338 3640 Marcium
1363 3579 1467 3661 primo
1491 3577 1534 3640 ci·

272 3700 355 3747 tatus
385 3706 449 3747 non
475 3686 664 3768 comparuit.

380 3792 457 3853 Item
482 3811 575 3853 causa
601 3792 691 3853 Pauli
715 3804 825 3853 contra
855 3790 956 3853 Cusse
981 3805 1012 3853 et
1036 3790 1113 3852 iuan
1143 3803 1190 3851 est
1213 3790 1253 3850 ad
1277 3788 1390 3851 feriam
1413 3803 1534 3851 sextam

272 3910 452 3979 prorogata.

378 4003 454 4063 ltem
479 4003 626 4083 quamvis
655 4003 789 4084 Egidius
812 4000 953 4085 pellifex,
985 4002 1151 4064 fideiussor
1183 4022 1242 4084 pro
1273 4002 1416 4084 quodam
1440 4002 1534 4064 Petro

272 4107 404 4190 Mathey
427 4106 518 4170 fabro
543 4110 689 4187 existens,
713 4109 817 4190 ipsum
837 4109 965 4169 Petrum
979 4108 1019 4169 ad
1037 4108 1191 4169 iudicium
1208 4121 1345 4170 statuere
1362 4108 1534 4188 debuisset,

271 4227 378 4275 tamen
403 4234 468 4275 non
492 4215 611 4276 statuit.
1518 4207 1520 4210 ’

378 4320 456 4380 item
488 4321 644 4382 Martinus
675 4333 784 4382 contra
817 4321 952 4381 Paulum
984 4338 1157 4400 preconem
1189 4321 1294 4401 primo
1326 4320 1439 4383 citatus
1468 4338 1535 4383 non

272 4427 461 4506 comparuit.

377 4530 457 4593 Item
480 4532 554 4593 licet
578 4531 654 4593 iuan
680 4532 718 4592 de
745 4532 855 4593 Lonka
881 4545 989 4592 contra
1011 4531 1181 4593 Nicolaum
1207 4529 1332 4593 fabrum
1357 4530 1477 4612 judicio
1501 4530 1535 4593 in

272 4637 409 4719 presenti
434 4656 619 4718 comparere
643 4637 815 4716 debuisset,
840 4651 947 4698 tamen
973 4656 1038 4698 non
1062 4637 1149 4699 venit
1173 4656 1233 4699 nec
1258 4637 1354 4699 misit.

377 4742 454 4804 item
481 4743 607 4804 Marcus
628 4756 736 4804 contra
761 4743 917 4805 Jacobum
940 4743 1045 4827 primo
1072 4743 1186 4806 citatus
1209 4762 1275 4805 non
1299 4741 1489 4826 comparuit.
