3488 5250
608 384 694 442 Anno
712 381 805 462 1360.
828 420 872 428 —
895 398 945 464 [4.
969 383 1087 460 aprilis.
1430 383 1487 466 163

335 592 413 655 Item
437 613 530 655 causa
554 613 616 676 que
640 595 773 657 vertitur
796 596 879 658 inter
896 595 1103 677 Horgocham
1127 609 1158 657 et
1181 596 1336 658 lectorem
1359 596 1399 656 ad
1416 610 1488 658 octo

229 696 298 759 dies
322 697 362 758 ad
386 717 497 780 pacem
522 711 569 761 est
592 714 772 782 prorogata.

336 803 412 866 Item
437 805 524 866 testis
547 805 743 889 Meynardus
766 807 797 867 in
816 827 911 869 causa
929 808 1010 869 inter
1027 806 1223 870 Christinam
1241 820 1271 869 et
1295 808 1400 893 ipsum
1425 809 1491 890 agi-

229 922 303 987 tata,
328 911 430 992 ipsam
454 931 581 973 causam
606 911 645 972 ad
663 925 735 974 octo
756 911 825 974 dies
847 926 1070 995 prorogarunt.

335 1016 412 1077 Item
436 1031 549 1079 octavo
574 1017 625 1079 die
649 1018 761 1079 Petrus
784 1031 894 1080 contra
920 1018 1065 1081 Cernech
1095 1019 1250 1081 Zelezche
1270 1038 1327 1101 per
1351 1018 1395 1082 St.
1421 1018 1489 1081 Sal-

229 1121 311 1204 uych
336 1135 367 1183 et
390 1122 526 1185 Paulum
550 1124 591 1185 de
616 1122 772 1206 Gorymla
796 1143 890 1208 super
925 1143 1037 1186 census
1064 1138 1147 1187 terre
1171 1124 1391 1187 testimonium
1415 1143 1488 1207 pro-

228 1227 344 1289 ducere
367 1240 502 1291 tenetur.

333 1333 411 1395 Item
435 1348 549 1396 octavo
573 1334 625 1397 die
654 1334 748 1397 Sosse
780 1349 890 1397 contra
915 1335 1039 1398 Malech
1071 1355 1127 1418 per
1159 1337 1280 1399 Mikow
1304 1351 1335 1399 et
1359 1337 1489 1421 Mathey

227 1437 446 1502 testimonium
472 1441 649 1523 producere
673 1441 768 1504 debet
792 1462 886 1525 super
911 1443 1020 1505 debito
1037 1442 1077 1503 III
1095 1462 1267 1525 pensarum
1284 1457 1315 1505 et
1330 1445 1360 1505 X
1377 1444 1486 1507 denar.

334 1544 411 1606 Item
435 1545 500 1608 filia
525 1545 599 1609 God
623 1557 733 1609 contra
757 1546 887 1630 Mathey
912 1548 1016 1629 primo
1040 1549 1133 1610 citata
1152 1568 1216 1611 non
1233 1551 1422 1632 comparuit.

335 1651 412 1713 Item
436 1653 562 1735 Dragan
587 1666 697 1716 contra
721 1654 850 1716 Petrum
874 1655 980 1736 primo
1007 1655 1120 1716 citatus
1143 1674 1209 1717 non
1233 1656 1423 1738 comparuit.

333 1757 411 1819 Item
435 1759 555 1820 Bernar
578 1772 688 1821 contra
712 1760 826 1841 Artuig
850 1759 992 1821 secundo
1016 1759 1129 1821 citatus
1152 1779 1218 1822 non
1242 1761 1432 1842 comparuit.

333 1862 411 1925 Item
437 1865 583 1947 Mychael
607 1864 692 1927 filius
723 1864 836 1927 Kuche
867 1885 969 1948 usque
1001 1866 1181 1949 quiudenas
1215 1880 1341 1929 tenetur
1363 1867 1487 1930 solvere

227 1966 372 2030 Cernech
396 1971 550 2033 Zelezche
574 1970 615 2034 VI
639 1991 765 2054 pensas.

333 2075 410 2137 Item
435 2077 544 2139 Maren
569 2076 708 2139 carnifex
732 2091 846 2139 octavo
870 2077 923 2139 die
950 2091 1017 2139 met
1048 2078 1208 2140 secundus
1231 2090 1342 2139 contra
1366 2078 1487 2141 dictum

227 2178 372 2242 Cernech
396 2181 500 2262 jurare
525 2183 630 2246 debet.

332 2286 410 2349 Item
435 2289 509 2371 quia
535 2289 729 2372 Meynardus
753 2288 949 2352 Christinam
970 2290 1162 2371 vituperavit
1186 2289 1219 2350 in
1244 2302 1417 2370 conspectu
1440 2288 1487 2370 ju·

226 2391 305 2454 dicis
329 2395 493 2456 convictus
516 2409 563 2457 est
587 2395 619 2457 in
643 2395 697 2456 IIII
722 2395 837 2457 marcis
860 2408 892 2456 et
915 2395 948 2456 in
972 2414 1036 2457 una
1064 2413 1122 2477 pro
1146 2392 1252 2476 judice
1276 2414 1377 2477 usque
1394 2395 1487 2477 quin·

226 2497 325 2560 denas
346 2499 520 2562 soluturus.

331 2604 409 2667 Item
434 2607 601 2669 Mortonos
623 2607 702 2668 Zedi
718 2619 844 2669 tenetur
867 2606 994 2669 vineam
1011 2607 1125 2689 Artuig
1150 2606 1327 2689 ligonizare
1351 2619 1382 2667 et
1398 2606 1486 2667 mille

224 2709 316 2790 palos
338 2710 424 2773 dare.

331 2816 408 2878 Item
432 2817 642 2880 decreverunt
664 2818 757 2899 jurati
781 2819 869 2902 quod
885 2817 961 2882 Iuan
984 2839 1082 2902 gener
1103 2819 1238 2881 MathIas
1261 2818 1485 2898 homicidium,

225 2923 313 3005 quod
338 2944 447 2986 versus
470 2925 640 2987 Nicolaum
664 2945 820 3007 generum
846 2925 971 2987 Malech
1002 2927 1267 3008 prosequebatur,
1291 2944 1485 3008 prosequere

226 3049 291 3091 non
319 3029 433 3092 valeat.

330 3135 408 3197 Item
432 3150 545 3198 octavo
570 3136 621 3198 die
638 3137 791 3198 Nicolaus
814 3136 913 3198 ruffus
929 3151 995 3199 met
1011 3136 1171 3198 secundus
1195 3151 1305 3199 contra
1321 3136 1484 3198 Andream

226 3239 350 3303 fabrum
375 3242 470 3304 debet
494 3241 597 3322 jurare
618 3263 714 3325 super
738 3243 902 3324 sanguinis
926 3242 1092 3305 effusione.

331 3348 406 3409 Item
445 3349 562 3410 Paulus
598 3348 813 3431 Caryntianus
848 3369 950 3430 usque
986 3347 1165 3429 quindenas
1204 3362 1329 3409 tenetur
1360 3346 1484 3409 solvere

225 3454 331 3517 Catrie
356 3455 482 3516 mulieri
508 3455 593 3517 XLV
618 3455 777 3517 denarios.

329 3560 408 3623 Item
439 3574 552 3624 octavo
585 3561 637 3622 die
671 3562 746 3622 Iuan
782 3561 885 3622 dictus
918 3560 1057 3623 Plauech
1090 3574 1155 3622 met
1186 3560 1344 3622 secundus
1374 3573 1484 3621 contra

225 3666 363 3729 Meduch
386 3666 490 3747 jurare
516 3667 611 3729 debet
635 3687 731 3749 super
755 3687 804 3744 e0,
841 3666 927 3747 quod
954 3667 1070 3727 vulnus
1102 3667 1141 3726 ab
1166 3667 1235 3747 ipso
1267 3680 1297 3727 et
1320 3686 1338 3727 a
1362 3665 1483 3728 famulo

224 3794 282 3834 suo
307 3774 346 3836 de
372 3774 470 3856 ipsius
494 3774 646 3835 mandato
668 3773 868 3854 percepisset.

329 3879 407 3941 Item
433 3881 558 3941 Marcus
582 3877 677 3939 frater
701 3879 866 3939 Bobkonis
890 3892 1000 3939 contra
1018 3878 1063 3939 St.
1087 3877 1225 3954 juratum
1249 3879 1354 3960 primo
1370 3879 1483 3940 citatus

224 4005 288 4046 non
313 3986 501 4067 comparuit.

330 4091 405 4152 Item
431 4092 529 4152 Jurko
554 4092 644 4173 piuar
668 4104 782 4152 octavo
806 4090 858 4150 die
886 4101 996 4151 contra
1029 4089 1218 4152 Michaelem
1243 4090 1345 4152 filium
1370 4091 1482 4152 Kuche

222 4197 325 4277 jurare
350 4196 444 4258 debet
469 4197 555 4278 quod
581 4197 621 4257 ab
647 4197 716 4277 ipso
740 4194 851 4257 fuisset
875 4195 1069 4257 vulneratus.

330 4419 423 4502 Nota,
452 4421 538 4506 quod
568 4419 652 4489 {erin
682 4420 787 4490 tercia
816 4419 970 4506 proxima
999 4425 1076 4505 post
1103 4425 1243 4488 octavas
1272 4417 1385 4488 Pasce.

740 4575 802 4648 (14.
826 4567 953 4644 apn'lu).

328 4728 436 4788 Primo
462 4727 617 4788 Martinus
647 4726 732 4788 filius
756 4726 904 4809 Gregorii
936 4739 1045 4787 contra
1074 4727 1201 4788 Petrum
1235 4725 1337 4788 filium
1369 4726 1481 4789 decani

222 4834 326 4916 primo
346 4835 459 4897 citatus
481 4853 546 4896 non
572 4834 760 4915 comparuit.
1378 4918 1394 4949 ἢ
