3488 5250
634 321 721 380 Anno
742 317 836 398 1360.
858 355 903 366 -
925 335 974 382 12.
989 322 1083 397 siaem'i.

225 424 408 431 ——-——--..
425 427 433 431 .

330 529 408 592 Item
433 528 528 593 debet
551 529 772 592 testimonium
794 530 969 612 producere
987 530 1103 613 longus
1119 531 1231 593 Petrus
1255 550 1327 593 cum
1353 533 1486 594 Katrum

225 647 256 697 et
279 635 410 697 Kussilo
434 637 590 718 poplatar.

331 741 409 803 Item
446 741 541 804 debet
573 742 755 824 persolvere
791 742 978 812 Taslaricha
1016 743 1159 805 servitrix
1193 743 1316 805 domini
1351 744 1487 828 Mykech

225 846 394 908 Lewnardi
420 848 513 910 Petro
538 848 637 931 longo
661 848 741 910 duas
764 868 878 931 pensas
901 869 1003 930 usque
1027 849 1213 930 quindecim
1237 848 1315 913 dies.

330 954 407 1017 Item
432 975 525 1017 causa
559 970 604 1017 est
635 967 761 1038 recepta
792 955 832 1016 ad
864 975 976 1038 pacem
1008 956 1090 1019 inter
1122 955 1257 1039 Mykech
1291 956 1427 1039 Kaplich
1457 971 1488 1019 et

225 1061 409 1123 Marconem
436 1075 645 1124 mercatorem
670 1081 772 1144 usque
795 1076 869 1124 octo
894 1062 971 1126 dies.

331 1166 408 1228 Item
433 1186 526 1228 causa
551 1188 614 1249 que
638 1168 770 1230 vertitur
794 1168 875 1228 inter
892 1167 1029 1230 Vardich
1053 1180 1085 1229 et
1108 1168 1185 1229 luan
1210 1167 1331 1230 dictum
1348 1168 1487 1232 Plauech

224 1286 271 1332 est
295 1287 464 1354 prorogata
490 1273 529 1335 ad
554 1294 666 1355 pacem
690 1293 793 1354 usque
822 1273 959 1337 edocto
991 1274 1070 1352 dies,
1095 1287 1125 1336 et
1158 1274 1259 1336 eciam
1284 1273 1380 1337 debet
1401 1275 1488 1337 teati-

225 1379 369 1440 monium
395 1380 572 1462 producere
600 1379 750 1444 Vardich.

330 1484 408 1546 Item
432 1500 479 1546 est
495 1500 620 1569 recepta
640 1506 735 1548 causa
759 1506 822 1568 que
847 1485 982 1548 vertitur
999 1487 1079 1548 inter
1096 1487 1310 1550 Laurencium
1327 1499 1358 1548 et
1373 1487 1488 1550 Petren

225 1602 272 1650 est
296 1604 421 1671 recepta
445 1591 485 1652 ad
510 1611 622 1674 pacem
648 1591 811 1673 usquead
835 1604 908 1653 octo
933 1590 1010 1653 dies.

331 1694 409 1757 Item
434 1696 529 1759 debet
545 1697 766 1760 testimonium
795 1697 973 1779 producere
995 1697 1114 1759 Burina
1137 1711 1246 1760 contra
1272 1697 1486 1760 Marchicham

226 1812 256 1861 et
273 1800 402 1863 Iuauam
417 1822 489 1864 cum
502 1803 664 1866 servitrice
681 1802 819 1865 barberii
833 1823 906 1864 cum
925 1803 1053 1864 Andrea
1066 1803 1179 1865 Askim
1193 1818 1224 1865 et
1242 1823 1314 1864 cum
1333 1804 1488 1867 TkaIech.

331 1907 409 1970 Item
435 1908 595 1991 Georgius
620 1909 773 1972 Staunich
798 1909 894 1972 debet
924 1910 1146 1972 testImonium
1177 1909 1354 1992 producere
1378 1924 1488 1973 contra

227 2014 336 2075 Maren
350 2029 491 2076 sutorem
505 2036 578 2077 cum
592 2016 736 2077 Fabiano
750 2015 887 2098 lapicida
901 2028 932 2077 et
942 2016 1079 2077 Martiuo
1092 2031 1199 2078 sutore
1212 2034 1314 2098 usque
1327 2028 1400 2078 octo
1410 2016 1487 2080 dies.

332 2119 410 2181 Item
435 2141 528 2183 causa
552 2140 614 2203 que
638 2122 771 2183 vertitur
803 2122 885 2183 inter
917 2122 1021 2182 Vanae
1052 2120 1233 2183 carnificem
1258 2136 1289 2184 et
1312 2122 1420 2184 Petres
1443 2135 1489 2184 est

226 2240 350 2306 recepta
375 2225 415 2287 ad
440 2247 552 2308 pacem
577 2247 677 2309 usque
701 2240 774 2289 octo
800 2227 878 2289 dies.

331 2332 409 2394 Item
435 2333 474 2394 de
499 2334 556 2395 illo
573 2333 704 2395 homIne
729 2333 767 2395 de
785 2353 850 2414 quo
868 2333 927 2394 luit
944 2332 1111 2396 fideiussor
1127 2332 1249 2396 Obram
1267 2334 1361 2396 Zolar
1378 2345 1488 2395 contra

226 2438 264 2499 N.
290 2438 374 2520 Zyrk
398 2439 512 2501 iterum
537 2440 677 2502 eundem
701 2440 820 2521 recepit
844 2460 944 2522 usque
969 2455 1041 2502 octo
1065 2440 1142 2502 dies.

333 2543 409 2605 Item
435 2545 603 2626 Draganus
625 2546 730 2629 primo
754 2546 867 2607 citatus
900 2561 1010 2609 contra
1035 2545 1213 2608 Iohannem
1245 2561 1398 2609 sartorem
1422 2565 1488 2608 non

228 2649 416 2731 comparuit.

332 2755 409 2817 Item
434 2756 564 2840 Mathey
588 2758 691 2820 dictus
716 2757 844 2819 Mathelr
868 2771 979 2820 contra
1002 2759 1131 2820 Petrum
1156 2759 1260 2841 prImo
1284 2760 1397 2822 citatus
1422 2779 1487 2821 non

227 2863 415 2943 comparuit.

332 2967 409 3029 Item
434 2969 600 3031 Emericus
623 2969 769 3031 Kochich
786 2969 926 3033 carnifex
949 2971 1263 3033 contra'Farkasium
1280 2972 1421 3034 secundo
1445 2973 1487 3034 ci·

228 3084 311 3134 tatus
335 3093 400 3135 non
425 3076 614 3157 comparuit.

331 3179 409 3242 Item
434 3180 529 3243 debet
552 3183 733 3263 persolvere
759 3183 935 3244 MartInech
969 3182 1060 3244 uxori
1085 3183 1166 3245 Zore
1199 3197 1272 3245 octo
1296 3203 1410 3265 pensas
1434 3184 1488 3246 de-

226 3285 388 3348 nariorum
412 3307 513 3368 usque
538 3287 728 3369 quindenae,
759 3289 784 3349 si
807 3303 914 3350 autem
938 3308 1003 3349 non
1034 3289 1204 3370 persolvet,
1230 3301 1345 3350 extunc
1370 3288 1488 3350 fundus

228 3406 383 3473 perpetuo
408 3393 513 3455 eidem
537 3395 724 3458 remanebit.

330 3499 408 3561 Item
440 3499 587 3562 Radozth
619 3516 727 3563 contra
759 3521 892 3563 uxorem
918 3499 1028 3563 Obrad
1060 3501 1225 3583 piscatoris
1256 3502 1361 3583 primo
1394 3502 1487 3564 citata

227 3624 292 3667 non
318 3607 505 3687 comparuit.

331 3711 408 3773 Item
428 3712 552 3773 Malech
569 3713 664 3774 Zolar
687 3715 796 3775 cont'ra
814 3713 945 3776 Churen
962 3715 1068 3797 primo
1085 3715 1198 3776 citatus
1215 3734 1281 3776 non
1299 3715 1487 3797 comparuit.

287 3914 387 3985 Sexta
417 3915 502 3985 lerIa
529 3917 684 4003 proxima
712 3924 789 4009 post
817 3916 939 3987 festum
968 3917 1058 3988 beati
1086 3917 1238 3989 Barnabe
1266 3918 1422 4008 apostoli.

762 4070 824 4145 (12.
840 4071 946 4146 sicnii).

334 4224 443 4285 PrImo
468 4225 636 4288 Mathechlr
654 4241 763 4289 contra
787 4228 916 4290 Petrum
941 4228 981 4290 ad
999 4242 1073 4291 octo
1090 4229 1158 4291 dies
1182 4231 1300 4313 recepit
1315 4231 1487 4292 termInum

227 4330 265 4391 ad
291 4330 563 4412 respondendum.

334 4436 412 4497 Item
436 4437 525 4518 Iurgl
550 4453 659 4500 contra
684 4440 837 4502 EndreoIi
862 4440 1004 4503 secundo
1029 4441 1142 4503 citatus
1165 4462 1231 4503 non
1256 4442 1443 4524 comparuit.

334 4541 410 4603 Item
435 4555 548 4603 octavo
569 4543 620 4605 die
638 4545 715 4607 Iuan
741 4546 877 4608 Plauech
907 4560 1017 4609 contra
1035 4548 1249 4609 Laurencium
1266 4547 1404 4609 Vardich
1432 4567 1488 4630 per

228 4646 329 4709 filium
356 4649 466 4710 Jureni
491 4648 602 4711 decani
628 4666 660 4712 et
682 4653 853 4715 Nicolaum
887 4651 989 4714 filium
1014 4654 1149 4736 Ztoyani
1172 4654 1391 4717 testimonium
1416 4675 1488 4737 pro·

228 4753 344 4816 ducere
368 4754 463 4816 debet
480 4775 575 4837 super
591 4776 641 4835 eo,
665 4757 753 4838 quod
770 4757 809 4818 IIl
827 4757 896 4821 llor.
921 4759 1038 4839 quibus
1055 4760 1120 4842 ipse
1138 4760 1333 4822 Laurentius
1349 4760 1486 4823 eundem

228 4859 288 4920 sibi
319 4861 419 4922 teneri
443 4858 617 4941 referebat,
640 4861 747 4924 habita
777 4863 1017 4946 composicione
1040 4885 1112 4927 cum
1137 4865 1264 4946 eodem,
1287 4866 1443 4930 solvisset.
