3488 5250
283 316 346 378 304
651 295 851 374 Ann01363.
877 331 915 340 -
941 311 969 359 1.
992 299 1166 372 septembris.

386 531 482 605 Faria
512 544 609 605 sexta
639 543 717 605 ante
745 534 867 606 festum
897 508 1007 605 sancti
1035 532 1177 605 limerici
1206 535 1442 624 deposicionis.

792 699 833 761 (1.
856 685 1041 763 septembris).

390 824 497 885 Primo
523 823 669 885 Thomas
692 843 793 904 usque
821 836 971 885 octavum
1003 824 1089 886 diem
1114 824 1209 886 debet
1241 844 1360 906 ponere
1385 827 1548 888 racionem

281 949 354 992 cum
379 930 512 992 Wlkota
538 943 569 991 et
592 949 666 991 vasa
689 949 885 1008 mensurare,
900 943 931 991 et
955 931 985 991 in
1004 950 1069 1011 quo
1086 931 1266 993 remanebit
1288 932 1412 993 solvere
1430 932 1547 1011 eidem,

272 1035 370 1117 ,quod
395 1036 420 1096 si
445 1034 548 1097 Iacere
573 1035 731 1114 maluerit,
755 1035 788 1096 in
813 1056 866 1096 sex
890 1036 996 1117 pensis
1019 1036 1078 1097 sibi
1103 1035 1267 1097 soluturus
1290 1037 1478 1099 remanebit.

389 1142 466 1204 Item
493 1141 624 1225 Gyuralc
649 1156 758 1203 contra
783 1142 968 1224 Dragonam
991 1142 1097 1224 primo
1130 1142 1243 1204 citatus
1267 1162 1331 1205 non
1357 1144 1547 1225 comparuit.

390 1248 468 1309 Item
493 1268 587 1310 causa
620 1267 683 1330 que
714 1249 847 1309 vertitur
876 1249 958 1309 inter
988 1247 1127 1328 iudicem
1159 1262 1189 1309 et
1221 1249 1390 1311 Nicolaum
1423 1265 1470 1312 est
1492 1268 1549 1332 ρετ

281 1367 376 1415 testes
402 1354 441 1415 ad
465 1355 606 1436 primum
630 1352 785 1433 judicium
810 1367 980 1435 prorogata
1004 1352 1043 1413 ad
1067 1372 1189 1435 pacem.

389 1476 466 1538 Item
491 1476 661 1538 fideiubuit
690 1476 827 1538 Michael
861 1474 1049 1558 Pintikachy
1072 1495 1131 1558 pro
1163 1477 1296 1538 Mareno
1326 1495 1429 1558 usque
1454 1478 1547 1558 quin·
1609 1517 1611 1521 <

282 1584 380 1644 denas
405 1603 462 1665 pro
494 1603 555 1644 una
588 1584 699 1661 domo,
730 1582 841 1644 domui
872 1581 1038 1663 quondam
1058 1582 1135 1643 Iuan
1166 1581 1280 1663 judicis
1311 1583 1485 1662 consimili,
1515 1597 1546 1646 et

281 1690 352 1750 XIII
378 1690 559 1751 roboribus.

388 1795 467 1856 Item
491 1814 584 1857 causa
609 1814 672 1875 que
703 1795 836 1855 vertitur
865 1793 948 1854 inter
972 1792 1017 1855 St.
1048 1806 1080 1855 et
1103 1792 1211 1875 Matey
1246 1793 1356 1854 estad
1380 1807 1454 1857 octo
1480 1794 1548 1857 dics

282 1901 322 1962 ad
347 1920 459 1983 pacem
484 1915 663 1983 prorogata.

388 2007 467 2068 Item
492 2008 644 2068 Nicolaus
668 2006 832 2087 quondam
865 2004 961 2086 judex
993 2017 1102 2066 contra
1128 2004 1239 2066 Manen
1270 2003 1310 2066 ad
1334 2004 1473 2087 prImum
1499 2003 1547 2086 ju·

282 2112 403 2174 dicium
430 2113 549 2195 recepit
573 2113 745 2174 terminum
769 2109 996 2193 respondendi.

387 2237 466 2298 Item
490 2237 595 2318 primo
620 2234 739 2316 judicio
769 2234 881 2295 Petrus
914 2246 1022 2294 contra
1055 2232 1176 2294 Pruuer
1200 2253 1256 2315 ρετ
1286 2231 1388 2295 filium
1413 2233 1546 2296 Heanci

281 2342 410 2403 sartoris
433 2355 464 2402 et
487 2341 669 2422 privignum
696 2339 836 2420 PhIIIppi
869 2336 1025 2400 carnificis
1055 2339 1275 2401 testImonium
1307 2358 1402 2422 cuper
1433 2341 1546 2401 verbe-

282 2449 369 2509 ribus
392 2446 559 2529 producet.

389 2552 466 2613 Item
491 2551 687 2613 Laurencius
710 2549 849 2611 Vardich
874 2565 982 2612 contra
1008 2551 1143 2612 Paulum
1174 2564 1317 2612 sutorem
1340 2549 1381 2612 ad
1405 2550 1546 2633 primum

282 2658 437 2740 judicium
462 2658 634 2718 terminum
660 2655 778 2737 recepit
803 2656 1030 2737 respondendi.

389 2781 466 2842 Item
490 2799 592 2862 usque
617 2780 796 2861 quindenas
820 2800 857 2841 ex
881 2778 1176 2862 superhabundanti
1205 2779 1298 2841 datus
1321 2794 1368 2841 est
1390 2780 1547 2841 terminus

284 2888 463 2949 Laurencio
486 2885 636 2964 Vardich,
661 2899 695 2946 ut
717 2885 821 2946 solvat
845 2886 1000 2947 iudicium
1024 2887 1056 2946 in
1084 2899 1233 2968 prompta
1256 2887 1392 2968 pecunia
1416 2885 1546 2949 cuidam

283 2993 385 3054 nobili
410 2992 450 3052 de
474 2991 684 3053 Mouroucha.

388 3099 465 3160 Item
491 3117 584 3158 causa
608 3116 671 3178 que
695 3096 827 3159 vertitur
851 3097 933 3158 inter
952 3100 1081 3157 Annam
1105 3110 1136 3158 et
1159 3097 1310 3158 Katream
1335 3111 1383 3159 eat
1403 3096 1444 3159 ad
1469 3110 1544 3160 octo

282 3203 351 3266 dIes
375 3224 431 3287 per
454 3203 633 3265 Iohannem
655 3218 809 3264 sartorem
833 3202 872 3263 ad
897 3222 1009 3284 pacem
1033 3216 1214 3284 prorogata.

389 3329 467 3390 Item
491 3347 584 3389 causa
610 3326 746 3410 Mykech
770 3324 826 3388 filii
852 3327 1013 3388 Leunardi
1038 3339 1069 3388 et
1100 3326 1229 3388 Andree
1254 3325 1367 3387 Pulani
1399 3339 1545 3410 pretextu

283 3432 383 3494 debiti
408 3446 507 3510 mota,
531 3452 587 3514 per
622 3433 791 3494 dominum
822 3432 952 3493 Petrum
977 3432 1095 3512 Ligerii
1129 3446 1160 3493 et
1183 3430 1304 3493 Paulek
1333 3430 1438 3493 filium
1462 3432 1546 3495 Leu-

283 3540 374 3602 nardi
399 3540 438 3601 ad
463 3539 604 3623 primum
629 3538 783 3600 iudicium
807 3539 964 3599 adventus
999 3538 1122 3600 domini
1148 3538 1231 3599 Petri
1264 3537 1397 3621 predicti
1429 3538 1462 3600 In
1487 3537 1546 3601 Za·

282 3647 426 3727 grabiam
450 3646 490 3707 de
514 3645 653 3726 presenti
669 3645 787 3726 viagi0,
808 3644 895 3726 quod
912 3643 1014 3706 facere
1032 3644 1179 3723 intendit,
1197 3658 1243 3705 est
1259 3657 1440 3726 prorogata,
1456 3643 1546 3707 vide·

283 3752 357 3814 licet
380 3752 469 3833 quod
503 3752 569 3833 ipse
602 3751 752 3812 dominus
784 3751 896 3812 Petrus
930 3750 1076 3812 tractabit
1106 3769 1180 3811 cum
1212 3749 1347 3810 Nicolao
1379 3749 1546 3831 quondam

283 3858 388 3939 priore
414 3861 445 3919 in
471 3858 537 3940 ipsa
562 3876 666 3935 causa,
703 3869 757 3917 aut
781 3855 901 3917 litteras
931 3875 1026 3938 super
1057 3855 1117 3917 hoc
1149 3855 1254 3917 mittet
1277 3853 1318 3915 ad
1350 3853 1488 3916 eundem
1515 3865 1547 3916 et

281 3963 412 4026 tandem
436 3963 581 4024 recitabit
605 3962 648 4041 id,
672 3962 712 4023 de
736 3980 801 4043 quo
826 3963 973 4023 conscius
996 3960 1050 4022 fiet
1074 3962 1106 4022 in
1130 3959 1254 4023 eadem.

389 4087 466 4147 Item
491 4105 585 4147 causa
608 4085 733 4147 Nicolai
757 4083 922 4166 quondam
951 4084 1065 4145 iudicia
1087 4097 1118 4145 et
1142 4082 1273 4165 Endrey
1303 4081 1475 4165 pannicide
1498 4095 1547 4146 est

284 4192 323 4253 ad
347 4190 459 4253 leriam
482 4192 612 4253 terciam
637 4192 677 4252 ad
701 4209 812 4274 pacem
836 4205 1017 4272 prorogata.

389 4296 468 4358 Item
500 4297 638 4359 lacobus
670 4296 806 4359 Croatus
837 4295 978 4358 secundo
1013 4296 1125 4356 citatus
1157 4306 1266 4354 contra
1299 4292 1454 4355 Iacobum
1478 4310 1546 4354 non

284 4403 472 4483 comparuit.

390 4508 468 4568 Item
492 4507 623 4591 Mathey
647 4506 732 4569 filius
756 4507 927 4590 Dampiani
959 4519 1068 4569 contra
1100 4507 1174 4568 Kun
1207 4507 1312 4588 primo
1343 4506 1456 4569 citatus
1480 4523 1549 4569 nou

283 4613 472 4694 comparuit.

390 4716 468 4778 Item
485 4718 591 4781 Endre
617 4720 721 4801 primo
752 4719 865 4781 citatus
886 4732 994 4780 contra
1016 4718 1153 4805 Paulum
1178 4737 1244 4780 non
1267 4716 1457 4801 comparuit.
