3488 5250
327 363 385 427 132
723 349 810 406 Anno
831 360 921 426 1359.
945 383 989 393 -
1011 363 1042 412 2.
1065 352 1196 423 augusti.

427 558 505 619 Item
530 572 644 620 octavo
671 558 722 618 die
741 557 892 620 dominus
908 572 1016 620 custos
1035 558 1250 639 zagrabiensis
1274 573 1383 622 contra
1408 559 1588 642 Georgium

321 663 475 724 Ztaunich
500 682 557 746 ρετ
574 662 710 745 Mykech
731 661 834 725 filium
852 662 965 726 Hench
982 662 1119 725 condam
1140 663 1290 745 judicem,
1313 665 1477 728 Andream
1500 644 1588 728 Thess

320 768 414 851 tycha
437 782 469 830 et
492 769 651 830 Iacobum
677 763 805 830 Zirotka
829 788 925 851 super
948 768 1115 831 ablacione
1135 783 1218 831 certe
1242 771 1428 851 quantitatis
1451 772 1588 853 pecunie

321 872 462 935 hominis
485 874 534 934 sui
559 872 782 935 testimonium
807 872 985 955 producere
1008 886 1142 935 tenetur.
1580 858 1584 865 ¹

428 979 505 1040 Item
530 979 633 1040 Draxe
658 991 767 1040 contra
792 977 936 1061 Spanum
961 979 1065 1061 prImo
1088 978 1202 1041 citatus
1225 998 1290 1040 non
1315 979 1504 1063 comparuit.
1582 1015 1585 1020 ·

429 1084 505 1146 Item
530 1084 677 1145 Andreas
709 1085 843 1147 servitor
874 1085 1000 1147 Mikech
1033 1085 1198 1166 quondam
1230 1084 1345 1165 judicis
1376 1086 1450 1148 Iicet
1478 1099 1588 1149 contra

323 1190 485 1252 Donatum
509 1188 708 1252 aurifabrum
732 1191 763 1252 in
790 1191 927 1273 presenti
950 1189 1071 1272 judicio
1088 1210 1272 1273 comparere
1297 1189 1435 1254 debebat
1459 1204 1491 1255 et
1514 1212 1587 1274 pro·

323 1316 443 1379 ponere
467 1310 576 1358 contra
602 1295 753 1373 eundem,
777 1310 885 1358 tamen
910 1316 975 1358 non
1007 1297 1094 1357 venit
1118 1315 1177 1357 nec
1208 1295 1305 1372 misit,
1329 1295 1403 1358 ideo
1428 1297 1461 1357 in
1484 1297 1587 1359 tribus

324 1402 430 1484 pensis
454 1414 500 1462 est
523 1402 699 1479 convictus,
723 1400 763 1462 de
787 1402 905 1482 quibus
929 1400 969 1463 ad
994 1415 1067 1463 octo
1091 1401 1159 1462 dies
1183 1414 1230 1462 est
1254 1414 1472 1483 prorogatum.

431 1507 508 1568 Item
532 1507 671 1568 Iacobus
695 1506 851 1569 litteratus
875 1520 989 1569 octavo
1007 1507 1058 1568 die
1083 1520 1192 1569 contra
1217 1505 1320 1567 Draxe
1344 1526 1400 1588 per
1422 1507 1587 1569 Andream

324 1612 475 1696 juratum,
501 1612 546 1674 St.
569 1626 724 1674 sartorem
748 1626 780 1674 et
797 1612 951 1674 Mathiam
975 1612 1150 1674 litteratum
1165 1612 1386 1675 testimonium
1409 1611 1588 1694 producere

299 1732 450 1780 »tenetur
473 1737 568 1801 super
593 1737 643 1796 eo,
668 1718 756 1799 quod
787 1717 848 1779 sibi
872 1717 932 1779 xx
964 1737 1082 1779 novem
1113 1716 1184 1781 flor.
1207 1731 1368 1780 teneretur
1398 1729 1430 1778 et
1451 1717 1508 1778 XII
1533 1717 1589 1779 de*

326 1825 441 1902 narios,
466 1842 548 1904 quos
560 1823 661 1885 eciam
680 1823 712 1884 in
730 1821 810 1884 festo
827 1822 1056 1885 Penthekostes
1071 1823 1196 1885 solvere
1212 1821 1375 1884 debuisset
1390 1823 1449 1884 sub
1468 1823 1590 1905 duppla

325 1930 351 1991 si
375 1949 466 1991 secus
490 1928 626 1991 fecisset.

431 2036 509 2097 Item
533 2035 678 2097 Francha
701 2048 811 2097 contra
835 2036 990 2097 Iacobum
1013 2035 1156 2097 secundo
1179 2035 1293 2097 citatus
1316 2055 1382 2097 non
1399 2035 1589 2118 comparuit:

431 2141 509 2202 Item
534 2132 684 2222 Dragona
716 2155 825 2202 contra
858 2140 1049 2203 Michaelem
1081 2154 1223 2203 sutorem
1255 2142 1359 2225 prImo
1383 2141 1496 2203 citatus
1522 2160 1588 2202 non

327 2247 516 2329 comparuit.

432 2353 510 2413 Item
535 2352 643 2413 relicta
669 2351 884 2413 Mekkochren
901 2364 1010 2414 contra
1035 2352 1227 2415 quaninum
1251 2351 1393 2414 secundo
1411 2352 1505 2414 citata
1521 2371 1587 2413 non

327 2457 516 2540 comparuit.

433 2563 511 2623 Item
535 2560 666 2644 Endrey
689 2561 792 2624 dictus
815 2562 931 2624 Pzicha
954 2565 1037 2627 trina
1066 2567 1135 2627 vice
1159 2585 1215 2648 per
1238 2563 1403 2646 quondam
1428 2564 1586 2626 nutricem

328 2665 386 2728 filii
410 2665 553 2728 Franche
578 2666 692 2729 citatus
715 2668 869 2747 extiterat,
894 2667 934 2729 ad
959 2689 1038 2750 quas
1055 2670 1226 2732 citaciones
1241 2669 1349 2730 venire
1374 2688 1439 2730 non
1457 2669 1590 2748 curavit,

329 2772 402 2834 ideo
427 2772 500 2834 licet
523 2772 701 2854 plenariam
717 2773 777 2855 ipsi
794 2773 922 2835 mulieri
937 2774 1094 2836 iusticiam
1111 2774 1214 2837 facere
1230 2773 1462 2851 debuissemus,
1480 2788 1588 2836 tamen

329 2878 575 2940 misericorditer
598 2878 802 2958 indulsimus,
826 2893 861 2941 ut
884 2893 998 2942 octavo
1022 2881 1123 2943 diesi
1147 2901 1212 2943 non
1241 2880 1455 2963 comparuerit
1478 2894 1589 2943 contra

330 2984 476 3062 eandem,
500 2997 615 3046 extunc
639 2983 788 3066 quitquid
811 2998 884 3065 aget
908 2999 1016 3047 contra
1041 2986 1158 3068 ipsum,
1181 2986 1376 3048 succumbet.

435 3090 513 3150 Item
538 3088 700 3152 Iohannes
723 3087 808 3151 filius
839 3091 1008 3152 Laurencii
1040 3105 1149 3153 contra
1174 3091 1317 3174 Spanum
1349 3091 1453 3174 primo
1477 3091 1593 3152 citatus

330 3213 395 3256 non
419 3195 607 3277 comparuit.

436 3300 514 3362 Item
539 3300 642 3360 Draxe
667 3319 769 3382 usque
792 3301 1035 3382 quindecimum
1067 3302 1153 3363 diem
1177 3316 1303 3364 tenetur
1326 3301 1449 3363 solvere
1482 3300 1592 3383 Spano

331 3425 448 3470 novem
476 3405 546 3468 flor.

437 3511 515 3572 Item
539 3511 643 3573 Katha
659 3526 690 3574 et
708 3512 870 3573 Marethka
887 3532 944 3594 per
961 3515 1089 3575 Kunam
1106 3513 1274 3575 mulierem
1299 3532 1394 3594 super
1406 3511 1594 3573 verberibus

331 3617 413 3679 trina
438 3618 506 3678 vice
523 3618 617 3679 citate
641 3617 818 3695 extiterant,
835 3617 874 3678 ad
899 3637 979 3699 quas
995 3619 1103 3680 venire
1128 3638 1193 3680 non
1210 3631 1360 3681 curarunt
1381 3616 1485 3678 taliter
1501 3615 1592 3677 adiu·

332 3723 433 3786 dicate
457 3735 540 3804 sunt,
565 3723 640 3804 quia
665 3723 732 3805 ipsa
757 3724 850 3784 Kuna
875 3725 1006 3785 verbera
1030 3743 1086 3785 sua
1103 3723 1353 3804 juramentsliter
1370 3721 1593 3804 comprobavit

332 3843 441 3891 contra
466 3829 559 3911 ipsas,
584 3829 616 3890 in
641 3829 766 3891 duabus
789 3830 903 3890 marcis
928 3843 959 3892 et
982 3830 1014 3891 in
1038 3830 1144 3890 media
1162 3849 1221 3911 pro
1244 3828 1359 3911 judice.

438 3935 516 3996 Item
539 3934 782 4016 quintodecimo
806 3934 858 3995 die
882 3934 1011 3996 Thome
1040 3955 1158 4016 magno
1181 3953 1219 3996 ex
1250 3948 1338 4016 parte
1363 3931 1529 3995 Lacholoti
1553 3930 1593 3992 de

332 4040 464 4123 agendis
487 4059 543 4122 per
567 4039 707 4102 eundem
731 4040 825 4122 plena
848 4040 972 4102 iusticia
997 4040 1198 4122 inpendetur.

438 4146 516 4207 Item
541 4161 654 4207 octavo
678 4146 731 4208 die
760 4147 927 4208 Mortonos
958 4145 1087 4207 sellator
1117 4158 1227 4206 contra
1251 4144 1442 4206 Michaelem
1466 4131 1593 4205 fabrum

333 4266 399 4314 met
422 4251 537 4312 tercius
561 4250 664 4331 jurare
689 4252 795 4314 debet.

438 4357 517 4418 Item
553 4357 709 4420 Martinus
743 4358 912 4439 Denketyn
959 4370 1070 4418 contra
1104 4357 1272 4417 Mortonos
1313 4354 1496 4416 sellatorem
1539 4372 1597 4437 ρετ

333 4461 504 4526 Radchech
528 4463 726 4524 sacerdotem
749 4476 780 4524 et
804 4462 983 4523 Iohannem
1009 4460 1178 4523 efficaciter
1201 4459 1423 4542 comprobavit
1443 4459 1594 4521 baculum

334 4586 404 4629 cere
428 4587 525 4649 quern
550 4569 636 4630 idem
659 4569 826 4629 Mortonos
848 4568 881 4628 in
911 4566 1031 4647 judicio
1063 4568 1103 4628 ab
1128 4567 1198 4649 ipso
1229 4566 1412 4648 requIrebat
1434 4584 1501 4624 esse
1524 4582 1595 4646 per·

334 4672 486 4734 solutum.

441 4777 518 4840 Item
535 4791 649 4840 octavo
665 4778 718 4839 die
732 4796 831 4859 gener
845 4776 976 4839 Fericbe
989 4789 1099 4838 contra
1115 4775 1274 4839 Martham
1289 4775 1385 4838 debet
1397 4793 1597 4858 compareres
