3488 5250
237 346 298 426 328
617 349 703 405 Anno
725 345 817 424 [364.
841 382 884 391 —
907 346 957 408 [ό.
974 350 1126 424 januarii.

314 453 357 457 -,,
377 452 855 459 .—..—-.—..,—..—....
877 454 942 459 .—.
971 454 1035 459 --
1051 449 1500 459 ‚—..-—————--—-—--

377 580 474 654 Feria
501 585 610 655 tercia
637 585 793 671 proxima
822 592 899 655 ante
927 583 1049 654 festum
1077 584 1168 654 beati
1193 579 1362 653 Anthonii.

747 731 810 810 (16.
834 736 1000 811 anuani').

342 873 451 935 Primo
476 874 573 935 Janez
607 873 747 935 decanus
777 888 886 936 contra
918 875 1026 935 Petres
1057 873 1097 936 ad
1121 888 1195 936 octo
1227 873 1295 934 dies
1326 871 1498 934 terminum

238 980 356 1062 recepit
381 979 608 1060 respondendi.

342 1086 421 1147 Item
445 1084 593 1167 Mychael
618 1084 719 1147 Saffar
744 1099 852 1147 contra
877 1085 1056 1148 Iohannem
1085 1087 1238 1165 Neterger
1261 1085 1366 1166 primo
1387 1084 1500 1146 citatus

238 1212 304 1254 non
329 1192 518 1274 comparuit.

344 1298 422 1359 Item
447 1299 558 1360 Petrus
590 1298 764 1379 Hungarus
794 1297 937 1359 secundo
970 1298 1083 1360 citatus
1113 1311 1224 1360 contra
1248 1294 1368 1358 chhk
1399 1296 1501 1377 pisca·

238 1418 340 1467 torem
365 1423 430 1465 non
456 1404 644 1486 comparuit.

343 1511 422 1571 Item
446 1529 540 1571 causa
557 1508 776 1571 Bartholomei
801 1521 832 1568 et
848 1507 1002 1570 Iohannis
1023 1509 1063 1570 ad
1087 1523 1159 1570 octo
1177 1509 1246 1570 dies
1269 1522 1316 1570 eat
1333 1507 1372 1568 ad
1389 1526 1501 1589 pacem

237 1630 419 1698 prorogata.

345 1720 422 1782 Item
448 1718 525 1782 feria
549 1735 636 1782 sexta
654 1721 807 1803 Marynus
830 1733 939 1781 contra
958 1707 1148 1781 Michaeiem
1172 1716 1289 1781 Ortolfi
1313 1737 1370 1801 per
1387 1718 1500 1779 Pasam

239 1842 269 1888 et
294 1827 422 1888 Petrum
446 1826 667 1888 testimonium
691 1845 786 1908 super
810 1825 976 1907 vituperiis
1000 1825 1165 1908 producet.

345 1931 423 1992 Item
449 1932 493 1995 St.
518 1931 728 1993 stacionarius
750 1931 893 1993 secundo
914 1931 1026 1992 citatus
1049 1944 1159 1993 contra
1185 1932 1321 1993 Paulum
1346 1932 1500 2014 pictorem

239 2054 304 2097 non
329 2038 518 2119 comparuit.

345 2143 423 2204 Item
449 2144 579 2205 Krossel
604 2157 713 2205 contra
738 2143 875 2205 Paulum
899 2143 1003 2224 primo
1029 2143 1143 2205 citatus
1166 2162 1232 2204 non
1257 2143 1446 2224 comparuit.

344 2249 422 2310 Item
445 2249 585 2330 quedam
609 2249 716 2330 puella
746 2249 945 2330 Margaretha
970 2249 1112 2325 nomine,
1144 2268 1207 2330 que
1236 2246 1356 2309 furtum
1390 2266 1502 2330 perpe-

239 2354 334 2415 travit
357 2353 490 2415 domino
514 2373 572 2416 suo
591 2355 778 2437 Tyermano
806 2372 973 2436 nunquam
990 2354 1022 2414 in
1047 2354 1208 2415 ciuitatem
1232 2372 1308 2416 ausa
1325 2354 1365 2415 sit
1382 2353 1501 2414 venire.

345 2458 424 2521 Item
448 2461 592 2521 Andreas
618 2459 731 2521 Puiani
756 2461 860 2542 primo
877 2460 991 2521 citatus
1009 2472 1118 2521 contra
1144 2458 1322 2540 Georgium
1346 2459 1503 2521 stacione·

241 2565 323 2626 rium
348 2585 414 2627 non
439 2566 627 2647 comparuit.

346 2670 423 2732 Item
447 2671 473 2731 ai
490 2670 627 2733 Jancech
644 2691 746 2753 usque
770 2671 950 2753 quiudenas
966 2671 1005 2732 III
1019 2690 1133 2753 pensas
1150 2672 1366 2751 denariorum,
1385 2673 1503 2755 quibus

240 2789 350 2839 contra
367 2776 496 2838 Petrum
514 2777 668 2838 VaIterini
693 2791 728 2838 ut
744 2777 882 2859 juratum
906 2777 981 2858 quia
1009 2776 1164 2839 iudicium
1189 2797 1283 2839 suum
1301 2778 1503 2860 contempsit,

167 2958 173 2970 Ι
240 2880 322 2944 foret
343 2896 520 2963 agravatus,
546 2882 651 2944 eidem
677 2883 770 2944 Petro
794 2902 859 2945 non
884 2882 986 2943 solvet
1010 2897 1041 2944 et
1071 2882 1097 2943 si
1122 2885 1207 2944 bona
1230 2903 1286 2945 sua
1317 2883 1504 2969 defecerim,

240 3003 316 3051 tunc
340 3007 414 3049 eum
438 2988 619 3069 captivandi
644 2989 760 3051 habeat
784 2986 978 3051 facultatem.

345 3094 424 3155 Item
446 3093 553 3156 relicta
571 3094 744 3176 Dampiani
761 3093 905 3156 woschar
921 3093 1063 3155 secundo
1079 3093 1172 3155 citare
1191 3109 1300 3157 contra
1323 3096 1504 3158 Iohannem

241 3197 367 3261 fabrum
392 3218 458 3260 non
487 3200 675 3282 comparuit.

348 3305 425 3366 Item
451 3304 573 3388 Braych
598 3305 703 3387 primo
735 3305 848 3366 citatus
871 3317 980 3366 contre
1005 3305 1141 3366 Juncech
1165 3325 1229 3367 non
1255 3308 1444 3389 comparuit.

347 3410 425 3471 Item
451 3410 577 3472 Cristan
602 3411 635 3472 P.
661 3423 692 3471 et
709 3411 883 3472 Krauturm
899 3409 1041 3472 secundo
1059 3410 1144 3472 citati
1170 3424 1280 3474 contra
1299 3413 1504 3495 Leupoldum

242 3534 308 3576 non
333 3531 590 3598 comparuerunt.

350 3622 428 3684 Item
466 3621 625 3703 Georgius
661 3623 798 3704 piscator
832 3623 937 3705 pritno
970 3624 1083 3684 citatus
1117 3636 1227 3684 contra
1262 3624 1406 3686 Katriam
1441 3643 1505 3686 non

245 3728 433 3810 comparuit.

349 3837 428 3897 Item
454 3833 531 3897 feria
548 3849 634 3896 sexte
654 3835 760 3897 Petres
776 3848 886 3896 contra
905 3835 1067 3896 Thomam
1085 3835 1216 3916 recipiet
1232 3835 1272 3896 ad
1290 3835 1386 3897 fidem
1404 3854 1506 3915 suam,

248 3944 335 4024 quod
359 3944 419 4004 sibi
444 3942 528 4004 XLII
554 3941 693 4003 denariis
717 3954 748 4002 et
777 3940 904 4002 duobus
936 3941 1057 4002 baculis
1090 3942 1129 4002 de
1153 3960 1229 4023 sepo
1262 3961 1321 4003 suo
1352 3956 1506 4021 teneatur,

244 4049 284 4110 de
308 4051 399 4112 venis
423 4069 499 4110 vero
523 4049 753 4110 commiserunt
777 4047 810 4109 in
834 4048 1011 4128 magistros.

350 4156 426 4217 Item
453 4154 529 4215 feria
557 4168 643 4215 sexta
677 4152 870 4215 Benedictus
901 4152 1029 4235 sellipar
1061 4166 1170 4214 contra
1202 4153 1366 4214 Andream
1397 4156 1506 4236 Askyn

243 4280 299 4342 per
323 4262 486 4323 Andream
511 4259 649 4338 fabrum,
677 4259 877 4329 Demetrium
903 4260 1007 4341 Brayn
1034 4273 1065 4320 et
1088 4257 1233 4340 Dragech
1257 4273 1397 4320 sutorem
1422 4260 1508 4320 testi·

243 4367 389 4428 monium
414 4386 509 4447 super
533 4385 584 4443 eo,
609 4364 698 4446 quod
715 4365 792 4425 dum
818 4365 907 4426 Bank
931 4364 970 4425 de
988 4365 1078 4425 Nova
1103 4364 1179 4426 villa
1203 4365 1281 4426 olirn
1307 4378 1507 4426 contraeunt

244 4471 405 4533 debuisset
428 4486 567 4553 prestere
592 4472 820 4547 iuramentum,
845 4483 875 4531 et
893 4470 973 4531 illud
991 4470 1074 4551 justo
1099 4471 1197 4531 modo
1215 4489 1280 4531 non
1298 4469 1508 4552 deposuisset,

243 4590 319 4637 tunc
343 4576 489 4639 dixisset:
514 4591 636 4638 vertare
661 4577 820 4638 viceversa
846 4590 876 4637 et
899 4576 999 4638 iuves.

350 4681 425 4744 Item
451 4695 565 4745 octavo
590 4683 642 4744 die
666 4681 784 4762 jurabit
809 4684 876 4764 Ipse
900 4683 1045 4745 Andreas
1071 4703 1104 4745 se
1120 4697 1252 4765 quartus
1276 4698 1386 4746 contra
1402 4683 1508 4766 ipsum

245 4786 280 4848 B.
306 4804 401 4867 super
426 4808 475 4866 eo,
500 4788 588 4868 quod
613 4788 672 4848 sibi
690 4807 749 4848 suo
767 4788 799 4849 in
823 4787 953 4849 cellario
977 4789 1110 4851 mInime
1127 4789 1315 4870 quodquam
1331 4789 1508 4871 dampnum
