3488 5250
606 349 692 406 Anno
710 345 801 426 1361.
824 384 868 393 -
890 363 942 425 29.
959 351 1110 426 januarii.
1435 368 1493 411 201

341 558 419 620 Item
443 558 580 641 Mykech
605 558 690 621 filius
706 559 867 621 Leunardi
887 558 1131 640 quintodecimo
1148 559 1200 620 die
1224 573 1352 622 tenetur
1376 560 1500 622 solvere

237 662 370 724 domino
395 663 488 725 Petro
512 663 739 726 archidiacono
764 665 962 745 zagrabiensi
987 666 1016 726 X
1040 683 1171 726 marcas.

342 768 420 831 Item
443 789 537 831 causa
562 790 626 852 que
655 771 787 832 vertitur
819 771 901 832 inter
931 769 1033 833 filium
1060 771 1227 832 Mortonos
1258 770 1336 832 Zedi
1368 784 1399 832 et
1422 770 1501 832 Dra-

235 894 354 956 gonam
377 890 520 938 sutorem
544 876 584 937 ad
608 890 683 938 octo
707 876 776 939 dies
799 876 840 938 ad
865 895 977 959 pacem
1001 890 1048 938 est
1071 890 1252 958 prorogata.

341 981 419 1043 Item
444 1000 545 1063 usque
570 981 750 1063 quindenas
774 981 951 1063 Gregorius
975 995 1131 1044 mercator
1154 994 1281 1044 tenetur
1304 982 1429 1044 solvere
1452 1002 1502 1043 ser

239 1086 424 1149 Puchochio
448 1087 489 1148 Vl
514 1108 629 1170 pensas
652 1087 870 1167 denariorum,
898 1101 929 1149 et
960 1088 1036 1170 quia
1059 1088 1157 1150 tercio
1189 1088 1302 1150 citatus
1326 1107 1390 1150 non
1415 1107 1501 1150 com·

237 1193 352 1275 paruit,
377 1192 450 1255 ideo
473 1194 505 1255 in
528 1193 649 1275 judicio
673 1193 837 1256 convictus
864 1206 912 1255 est
934 1206 1097 1255 consveto.

342 1299 421 1362 Item
444 1298 595 1381 quitquid
620 1300 776 1361 Martinus
799 1313 888 1361 sutor
908 1298 950 1361 ad
973 1298 1070 1361 fidem
1089 1298 1221 1380 recipiet
1244 1299 1276 1360 in
1300 1299 1447 1381 expensis
1470 1299 1501 1361 in

238 1403 519 1486 redempcionibus
534 1405 713 1468 litterarum
737 1403 837 1484 factis,
861 1403 923 1466 hoc
940 1403 1141 1484 Margaretha
1159 1403 1354 1466 Brodaricha
1378 1404 1502 1467 solvere

240 1510 378 1574 debebit.

347 1617 423 1679 Item
449 1636 542 1679 causa
567 1636 630 1698 que
662 1617 794 1678 vertitur
824 1616 907 1679 inter
931 1615 1103 1678 Radchech
1131 1615 1330 1678 sacerdotem
1355 1628 1386 1677 et
1412 1615 1503 1677 Salo-

238 1742 368 1786 monem
392 1723 432 1785 ad
455 1724 596 1807 primum
620 1722 776 1805 judicium
800 1721 840 1784 ad
864 1741 977 1811 pacem
1000 1736 1046 1783 est
1069 1735 1250 1804 prorogata.

343 1829 421 1891 Item
445 1830 472 1891 si
489 1827 692 1891 fideiussores
707 1828 918 1910 jobagionum
936 1828 1077 1908 magistri
1101 1827 1186 1889 Petri
1203 1826 1243 1888 de
1269 1827 1382 1887 Lonka
1398 1826 1503 1909 primo

239 1932 358 2016 judicio
392 1934 550 2013 homines,
581 1934 702 1997 scilicet
731 1933 815 1996 filios
844 1934 978 2013 Mareni,
1002 1934 1043 1996 ad
1075 1933 1234 1995 iusticiam
1266 1951 1331 1993 non
1356 1931 1504 2010 aducent,

241 2054 355 2102 extunc
381 2040 531 2122 quitquid
555 2040 688 2103 dictabit
710 2039 833 2121 justicia
859 2040 891 2101 in
917 2040 984 2122 ipsa
1008 2059 1113 2118 causa,
1130 2039 1189 2121 ipsi
1213 2037 1417 2100 fideiussores
1440 2037 1504 2099 sol·

239 2165 313 2208 vere
337 2146 511 2209 debebunt.

343 2253 422 2314 item
447 2272 541 2314 causa
571 2271 635 2333 que
666 2252 798 2314 vertitur
830 2252 912 2314 inter
944 2252 983 2313 N.
1016 2248 1214 2313 aurifabrum
1245 2264 1275 2311 et
1300 2249 1430 2310 Petrum
1462 2247 1504 2310 ad

239 2359 380 2441 primum
405 2357 561 2439 judicium
586 2372 632 2420 est
654 2371 837 2441 prorogata.
