3488 5250
262 310 322 403 144¹
638 329 724 384 Anno
747 340 837 405 1359.
862 363 904 374 -
928 344 979 408 24.
1003 333 1134 391 octobris.

362 534 441 596 ltem
465 535 656 619 Golobycha
688 552 797 601 contra
821 539 1012 602 Michaelem
1044 540 1170 615 fabrum
1203 543 1309 625 primo
1333 544 1427 607 citata
1450 565 1523 607 non·

257 641 446 722 comparuit.
1412 709 1425 714 .,

365 747 442 809 ltem
466 762 580 810 octavo
604 749 656 810 die
680 749 868 812 Crizozlaus
891 764 1018 814 tenetur
1047 767 1184 815 statuere
1209 753 1263 816 llll
1288 775 1439 836 personas
1466 776 1518 818 co-

257 873 324 916 ram
348 855 465 936 quibus
489 855 600 917 habuit
623 857 896 939 composicionem
926 877 999 919 cum
1024 858 1169 921 Cernech
1195 860 1360 923 Zelezche.
1430 845 1436 853 ’

363 961 440 1024 ltem
463 963 560 1024 tercia
584 961 662 1024 feria
686 964 832 1044 proxima
857 964 987 1048 Endrey
1011 965 1125 1027 Zuizth
1156 986 1214 1048 per
1236 988 1370 1031 uxorem
1395 970 1520 1033 Nicolai

257 1079 288 1127 et
311 1086 442 1128 uxorem
476 1068 627 1129 Domiani
660 1070 700 1130 de
731 1069 815 1151 Vgra
847 1085 956 1132 contra
988 1071 1131 1133 Blasium
1165 1072 1365 1136 Bremennalr
1396 1089 1523 1138 tenetur

258 1172 433 1254 producere
456 1173 677 1235 testimonium
700 1194 795 1256 super
819 1176 1034 1257 percussione,
1070 1176 1341 1259 denariorumque
1365 1192 1396 1239 et
1419 1180 1521 1241 securi

258 1278 456 1359 recepcione‚
481 1291 512 1340 et
535 1279 650 1340 eodem
683 1280 735 1341 die
768 1280 853 1342 idem
879 1281 916 1344 B.
936 1295 1063 1344 tenetur
1092 1283 1313 1345 testimoninm
1345 1285 1522 1366 producere

258 1384 345 1465 quod
370 1384 436 1466 ipse
461 1384 590 1468 Endrey
615 1385 685 1467 ipso
709 1385 760 1446 die
784 1387 962 1468 apreciator
985 1407 1061 1448 suus
1085 1386 1205 1450 luisset.

364 1489 442 1551 ltem
474 1491 615 1572 Kyrinus
647 1490 731 1552 dicta
763 1489 840 1553 leria
872 1492 969 1554 tercia
1008 1506 1116 1555 contra
1148 1513 1282 1555 uxorem
1313 1492 1434 1557 Videch
1465 1514 1522 1577 per

259 1593 431 1672 Cernkam‚
463 1596 637 1657 Maricham
671 1610 702 1658 et
731 1616 864 1658 uxorem
897 1597 1022 1678 Dragos
1042 1617 1138 1681 super
1168 1599 1355 1662 verberibus
1378 1600 1523 1662 testimo·

258 1700 349 1762 nium
374 1702 551 1783 producere
574 1714 710 1765 tenetur.

364 1806 441 1867 ltem
466 1806 595 1869 Gerden
620 1820 730 1870 contra
755 1809 862 1870 Petres
886 1810 990 1891 primo
1014 1811 1127 1872 citatus
1151 1830 1217 1872 non
1240 1813 1432 1893 comparuit.

364 1913 442 1974 ltem
475 1913 621 1976 Cemech
653 1928 762 1977 contra
794 1915 997 1978 Hermanum
1034 1915 1074 1978 ad
1107 1930 1180 1978 octo
1211 1916 1280 1978 dies
1311 1917 1432 1999 recepit
1461 1931 1523 1979 ter·

259 2018 383 2080 minum
407 2019 447 2080 ad
470 2019 743 2101 respondendum.

364 2125 442 2186 ltem
466 2124 562 2186 frater
585 2124 747 2187 Valentini
771 2127 944 2188 sacerdotis
976 2139 1086 2188 contra
1109 2127 1187 2189 luan
1220 2127 1359 2189 Plauech
1383 2129 1424 2189 ad
1447 2111 1521 2191 octo

259 2230 327 2291 dies
350 2231 470 2312 recepit
492 2230 667 2292 terminum
691 2231 731 2292 ad
756 2231 1028 2313 respondendum.

365 2336 444 2398 Item
469 2337 623 2419 Kukulyn
647 2350 757 2397 contra
780 2336 978 2399 Domianum
995 2338 1100 2420 primo
1118 2338 1232 2400 citatus
1248 2357 1314 2400 non
1331 2339 1511 2420 comparuit

365 2443 444 2504 ltem
467 2442 549 2504 Vole
574 2456 683 2503 contra
707 2440 786 2503 Wlk
811 2442 850 2503 ad
876 2457 949 2504 octo
974 2443 1041 2504 dies
1071 2444 1192 2527 recepit
1213 2443 1388 2505 terminum
1411 2443 1453 2505 ad
1475 2464 1522 2507 re·

259 2548 497 2630 spondendum.

365 2654 444 2716 ltem
469 2655 648 2716 Domianus
670 2667 780 2716 contra
796 2654 953 2716 Jacobum
971 2655 1100 2716 Zirotka
1122 2654 1163 2716 ad
1181 2668 1255 2717 octo
1279 2655 1348 2718 dies
1363 2654 1520 2718 similiter.

366 2759 444 2821 ltem
470 2760 615 2821 Thomas
638 2773 748 2820 contra
772 2759 911 2822 eundem
934 2761 1040 2843 primo
1064 2760 1177 2822 citatus
1200 2780 1266 2822 non
1288 2761 1477 2844 comparuit.

368 2866 445 2926 ltem
471 2866 580 2927 Katria
605 2880 713 2926 contra
738 2864 778 2927 G.
802 2865 944 2927 secundo
967 2867 1061 2928 citata
1084 2886 1150 2928 non
1175 2867 1364 2948 comparuit.

365 2971 444 3032 ltem
452 2990 532 3032 uxor
542 2971 618 3030 luan
628 2970 781 3053 loripedis
794 2985 904 3033 contra
913 2971 1028 3033 Jaltmo
1034 2972 1139 3053 primo
1148 2972 1243 3033 citata
1251 2991 1316 3032 non
1332 2971 1522 3053 comparuit.

367 3077 445 3138 ltem
469 3076 581 3137 luanin
607 3090 716 3137 contra
733 3076 968 3157 Margaretham
991 3077 1096 3157 primo
1119 3077 1233 3139 citatus
1248 3095 1315 3138 non
1331 3076 1520 3158 comparuit.

366 3183 445 3244 Item
471 3181 594 3243 Blasius
618 3196 726 3244 contra
750 3182 827 3244 luan
851 3183 956 3266 primo
981 3184 1093 3245 citatus
1117 3203 1181 3245 non
1206 3183 1395 3264 comparuit.
1428 3191 1438 3206 ·

366 3289 445 3349 Item
469 3288 587 3349 Paulus
610 3288 722 3350 Bobek
745 3301 854 3350 contra
879 3289 1055 3350 Martinum
1079 3288 1120 3350 ad
1137 3301 1210 3351 octo
1234 3287 1303 3350 dies
1325 3287 1445 3369 recepit
1460 3300 1523 3350 ter·

261 3394 386 3455 minum
408 3393 448 3455 ad
472 3393 744 3476 respondendum.

367 3500 445 3561 ltem
469 3499 544 3560 licet
567 3500 678 3560 Maren
702 3499 841 3562 decanus
865 3500 970 3561 Eliam
993 3519 1127 3582 parvum
1151 3499 1191 3561 ad
1214 3498 1370 3579 judicium
1393 3517 1524 3581 presens

262 3604 399 3682 citasset,
421 3618 529 3666 tamen
557 3624 621 3666 non
647 3606 733 3668 venit
756 3606 797 3666 ad
823 3605 987 3686 agendum
1010 3619 1118 3667 contra
1144 3605 1260 3686 ipsum.

366 3711 461 3791 (Nota
486 3710 574 3791 quod
606 3710 711 3791 judex,
735 3711 839 3792 jurati,
868 3711 1040 3773 consiliarii
1073 3724 1105 3772 et
1131 3711 1215 3771 cives
1246 3709 1386 3771 universi
1409 3709 1523 3771 habito

263 3829 445 3897 prematuro
470 3814 604 3876 consilio
637 3816 842 3903 decernentes
873 3816 1141 3895 deliberaverunt,
1177 3815 1271 3897 quod
1289 3815 1364 3896 quia
1391 3815 1521 3877 Blasius

264 3920 475 3996 Bremennak‚
500 3919 637 3999 jurando
654 3921 686 3982 in
711 3921 844 3984 ecclesia
860 3935 968 3983 nostra
988 3921 1173 4002 parochiali,
1190 3920 1365 4003 spopondit
1386 3940 1419 3981 se
1441 3938 1520 4002 pure

264 4038 295 4087 et
318 4024 505 4106 slmpliciter
527 4026 662 4089 donasse
686 4027 849 4109 quandam
872 4027 1062 4110 particulam
1080 4025 1170 4088 fundi
1189 4026 1248 4102 sui,
1272 4046 1291 4087 a
1314 4038 1403 4108 parte
1426 4022 1520 4086 fundi

264 4130 393 4214 Mathey
410 4131 574 4212 piscatoris
590 4132 788 4211 existentem,
812 4132 913 4194 Paulo
930 4133 971 4194 de
991 4132 1154 4214 Caryntia,
1172 4151 1246 4193 cum
1262 4144 1370 4193 tamen
1387 4143 1418 4193 et
1433 4148 1519 4191 nunc

263 4236 413 4298 recolitur
436 4237 537 4319 ipsam
560 4239 734 4319 possidere,
758 4240 801 4300 ita
826 4238 914 4321 quod
944 4257 1112 4318 nunquam
1135 4238 1168 4298 in
1193 4237 1298 4318 ipsum
1322 4251 1353 4298 et
1375 4248 1522 4318 posteros

264 4360 339 4403 suos
354 4342 588 4422 quoquomodo
596 4342 757 4405 transferri
771 4357 801 4406 et
817 4344 952 4405 remeari
961 4356 1085 4425 posset;
1102 4341 1176 4403 ideo
1193 4362 1249 4424 per
1265 4341 1399 4402 modum
1411 4339 1523 4401 vendi-

265 4446 376 4525 cionis,
400 4447 683 4528 impignoracionis
699 4462 729 4510 et
745 4448 809 4510 alio
826 4448 941 4530 quovis
956 4447 1051 4510 titulo
1068 4447 1100 4508 in
1118 4448 1222 4530 ipsum
1240 4461 1272 4509 et
1286 4465 1361 4508 suos
1377 4460 1521 4528 posteros

266 4569 432 4631 nunquam
458 4553 558 4633 possit
580 4555 714 4615 remeari
742 4554 843 4615 eciam
867 4574 885 4614 a
911 4553 1039 4615 decimo
1063 4565 1208 4635 emptore
1230 4552 1383 4634 particule
1407 4570 1524 4633 preno-

265 4669 340 4734 tate,
364 4657 424 4718 nisi
449 4657 528 4720 alter
551 4659 602 4721 vel
624 4660 678 4721 alii
694 4659 958 4741 vendentemque
985 4657 1142 4736 existant.)
1158 4661 1293 4718 Dclctum
1309 4662 1527 4732 etascn‘ptum:

267 4760 315 4822 De
338 4762 399 4823 hiis
422 4764 573 4825 omnibus
596 4763 736 4845 judicem
758 4765 879 4846 placuit
902 4777 933 4827 et
957 4763 1232 4827 communitatem.
