3488 5250
597 352 796 432 Anno1363.
824 387 861 398 -
880 366 915 430 5.
939 355 1112 433 septembris.
1428 374 1488 433 305

330 567 408 629 Item
435 565 543 629 Golob
567 579 678 628 contra
703 565 860 627 Briccium
892 564 933 626 ad
957 565 1096 646 primum
1130 563 1286 625 iudicium
1309 560 1486 624 terminum

227 673 346 755 recepit
376 671 604 752 respondendi.

333 778 411 840 Item
437 777 544 839 Endre
577 775 662 838 lilius
694 775 824 859 Mathey
856 789 966 839 contra
997 777 1184 858 magistrum
1210 773 1390 836 Johannem
1422 773 1491 835 lite·

227 899 332 946 ratum
355 884 461 967 primo
485 884 598 945 citatus
621 901 687 944 non
711 883 900 965 comparuit.

333 989 411 1052 Item
436 989 620 1072 Merclynus
643 985 782 1050 carnifex
808 1003 917 1050 contra
936 989 1066 1072 Mathey
1090 1003 1232 1050 sutorem
1256 987 1362 1067 primo
1379 984 1493 1047 citatus

228 1114 292 1157 non
322 1095 512 1178 comparuit.

335 1202 412 1263 Item
437 1220 531 1262 causa
555 1200 652 1261 Iuane
676 1214 707 1261 et
731 1199 842 1261 Maren
858 1198 1015 1261 carnificis
1038 1211 1085 1261 est
1108 1197 1148 1259 ad
1172 1197 1313 1280 primum
1336 1195 1491 1278 judicium

227 1306 267 1367 ad
291 1325 404 1386 pacem
426 1320 608 1389 prorogata.

335 1411 413 1473 Item
438 1431 530 1473 causa
555 1411 664 1472 relicte
689 1411 777 1473 Benlr
801 1423 833 1471 et
856 1409 1000 1472 eiusdem
1019 1410 1128 1472 Maren
1153 1423 1200 1471 est
1222 1408 1263 1470 ad
1286 1408 1427 1491 prImum
1444 1407 1492 1489 ju·

230 1515 351 1578 dicium
376 1515 416 1577 ad
440 1535 552 1598 pacem
581 1529 761 1598 prorogata.

333 1621 412 1683 Item
436 1621 582 1684 Donatus
605 1636 713 1683 contra
732 1619 925 1703 Gregorium
950 1634 1090 1683 sutorem
1108 1619 1149 1682 ad
1173 1619 1313 1702 primum
1337 1617 1493 1699 judicium

227 1741 299 1809 post
323 1726 520 1789 vindemiam
544 1728 718 1790 terminum
743 1728 863 1810 recepit
886 1728 1112 1811 respondendi

333 1832 412 1894 Item
429 1833 567 1895 Iacobus
582 1833 712 1894 Zirotlra
728 1833 834 1916 primo
850 1833 964 1895 citatus
980 1848 1089 1896 contra
1107 1834 1294 1915 magistrum
1311 1832 1492 1895 Johannem

229 1938 391 1999 literatum
416 1957 481 1999 non
506 1938 694 2020 comparuit.

335 2042 412 2106 Item
438 2042 566 2106 Mikech
591 2043 751 2106 Leunardi
776 2058 885 2106 contra
907 2042 1084 2125 Georgium
1108 2044 1148 2106 ad
1172 2045 1314 2127 primum
1337 2042 1493 2124 judicium

229 2150 402 2211 terminum
428 2148 547 2232 recepit
569 2163 643 2232 post
665 2149 863 2212 vindemiam
886 2150 1112 2233 respondendi.
1484 2215 1486 2219 ,

333 2254 412 2317 Item
437 2253 515 2317 feria
538 2255 635 2318 tercia
663 2267 796 2317 ventura
828 2255 1021 2318 Benedictus
1045 2256 1149 2338 Pann
1180 2269 1289 2317 contra
1321 2254 1492 2316 domiuum

230 2360 357 2422 Mikech
381 2360 541 2423 Francisci
566 2360 759 2422 duodecimo
783 2381 818 2423 se
832 2361 977 2443 personis
993 2381 1088 2444 super
1111 2380 1162 2440 eo,
1185 2361 1274 2443 quod
1297 2360 1354 2422 XII
1371 2378 1495 2421 marcas

230 2465 437 2528 denariorum
461 2467 521 2531 sibi
545 2485 604 2549 pro
628 2466 718 2528 lucro
743 2466 867 2529 debitas
887 2485 953 2528 non
977 2466 1109 2530 haberet
1132 2487 1190 2529 nec
1213 2480 1310 2530 tenet.
1334 2466 1495 2528 Dominus

228 2589 304 2632 vero
329 2570 456 2633 Mikech
479 2571 627 2634 slmiliter
649 2571 747 2633 tercia
771 2570 849 2634 feria
874 2572 991 2634 iurabit
1022 2586 1132 2634 contra
1157 2571 1379 2650 Benedictum,
1404 2571 1493 2652 quod

229 2694 293 2736 non
319 2674 414 2739 luerit
438 2676 543 2738 socius
565 2696 641 2738 suus
664 2677 696 2738 in
721 2696 788 2738 rem
811 2677 910 2759 ipsius
928 2678 963 2739 B.
988 2679 1020 2739 in
1043 2677 1199 2741 Cumanis
1221 2691 1449 2760 comparatam.

335 2780 411 2843 Item
438 2781 635 2844 Laurencius
657 2802 716 2865 pro
733 2782 800 2844 filio
824 2802 883 2844 suo
901 2799 1010 2845 contra
1028 2783 1245 2867 Dampiannm
1271 2784 1311 2845 ad
1336 2797 1409 2845 octo
1425 2784 1495 2844 dies

229 2886 403 2949 termInum
427 2887 547 2969 recepit
570 2887 796 2969 respondendi.

343 3120 440 3194 FerIa
469 3125 577 3195 tersit
605 3131 683 3195 ante
710 3111 834 3196 festum
864 3125 1066 3196 NativitatIs
1097 3127 1192 3198 beate
1220 3111 1374 3215 virginis.

737 3286 777 3351 (5.
799 3277 982 3349 septembris).

335 3413 444 3475 Primo
461 3433 554 3475 causa
564 3415 602 3478 N.
620 3413 734 3495 judicis
752 3429 782 3476 et
800 3415 907 3477 Endre
922 3416 962 3477 ad
987 3416 1126 3497 primum
1147 3416 1302 3478 Iudicium
1320 3430 1366 3478 est
1383 3435 1494 3498 proro-

229 3533 301 3599 gata
315 3519 369 3596 ita,
382 3518 470 3599 quod
483 3519 508 3579 si
520 3519 628 3581 medio
644 3533 789 3602 tempore
798 3520 864 3603 ipse
879 3520 984 3582 Endre
999 3523 1199 3583 voluntatem
1213 3521 1312 3602 ipsius
1325 3522 1364 3583 N.
1380 3522 1495 3582 iudicis

230 3623 383 3703 inveniet,
400 3625 482 3686 bene
499 3624 642 3705 quidem,
665 3625 811 3707 alioquin
828 3624 971 3688 ulteriori
989 3625 1148 3689 dilacione
1165 3640 1271 3688 amota
1289 3627 1414 3688 iusticia
1430 3624 1493 3690 fiet.

335 3729 414 3790 Item
446 3729 597 3791 dominus
628 3731 734 3792 Endre
767 3745 870 3793 rector
901 3733 1034 3794 ecclesie
1066 3732 1223 3795 Omnium
1255 3747 1439 3794 sanctorum
1465 3746 1495 3793 et

226 3834 339 3895 Filech
363 3834 493 3916 jobagio
517 3835 557 3895 de
581 3835 694 3897 eadem
718 3837 803 3915 villa,
827 3851 922 3899 testes
945 3857 1001 3920 per
1024 3838 1194 3900 dominum
1219 3839 1348 3899 Petrum
1373 3838 1494 3919 LIgerii

229 3955 338 4003 contra
362 3940 551 4022 jobagiones
587 3943 826 4003 communitatis
850 3943 888 4004 de
924 3943 1085 4005 Kralouch
1111 3944 1259 4026 producti
1283 3945 1342 4006 sub
1367 3944 1494 4026 deposi-

230 4047 322 4108 cione
347 4045 550 4126 juramentali
575 4047 680 4109 taliter
703 4047 905 4110 testificantes
921 4050 1109 4127 retulerunt,
1135 4049 1314 4131 quodcum
1338 4049 1399 4132 ipsi
1417 4067 1494 4110 una·

230 4171 303 4212 cum
336 4149 485 4213 fratribus
517 4152 674 4234 Dyonisio
706 4166 737 4214 et
770 4154 909 4216 Martino
931 4153 1199 4234 predicatoribus,
1232 4156 1264 4216 in
1297 4153 1377 4216 festo
1411 4154 1496 4215 beati

230 4257 314 4318 Petri
340 4258 476 4339 apostoli
501 4277 586 4319 nunc
611 4259 773 4339 preterito,
797 4259 830 4320 in
854 4259 981 4342 Casyna
1009 4261 1090 4323 circa
1115 4262 1284 4323 ecclesiam
1309 4261 1392 4322 beati
1410 4261 1494 4321 Petri

229 4363 367 4443 apostoli
401 4363 661 4425 consolacionem
693 4364 894 4444 habuissent,
928 4381 959 4428 et
990 4366 1097 4429 habita
1129 4368 1354 4429 consolacione
1387 4386 1497 4428 versus

231 4467 364 4529 domurn
390 4488 444 4528 sue
471 4468 681 4530 habitacionis
712 4489 784 4531 cum
810 4470 885 4551 ipsis
916 4470 1066 4533 iratribus
1098 4473 1312 4551 devenissent,
1342 4485 1373 4533 et
1405 4490 1495 4533 mora

230 4574 362 4656 aliquali
389 4574 480 4654 lacta,
504 4575 544 4637 ad
569 4594 680 4637 cenam
705 4576 782 4657 ipsis
804 4597 877 4638 cum
903 4576 1052 4639 fratribus
1076 4579 1306 4658 consedissent,
1331 4577 1432 4640 Pethk
1449 4576 1463 4638 f
1482 4612 1496 4623 -

231 4680 365 4742 miliaris
389 4681 513 4743 domiui
539 4681 622 4742 Petri
646 4682 892 4764 supervenisset,
927 4703 1023 4764 quem
1049 4684 1127 4746 dum
1153 4685 1339 4746 invitassent
1363 4698 1399 4746 ut
1422 4702 1497 4745 cum

231 4786 276 4846 eis
299 4786 506 4849 manducaret
523 4787 664 4866 dixisset,
687 4788 775 4869 qnod
792 4788 1081 4852 manducacionem
1105 4790 1290 4853 huiusmodi
1315 4791 1414 4852 menti
1439 4791 1497 4852 de-

1390 4897 1430 4942 20
