3488 5250
275 324 339 404 276
677 320 876 399 Ann01363.
901 355 942 365 —
966 319 1018 382 26.
1042 324 1124 384 maii.
1190 346 1192 351 ⁴

383 532 462 595 Item
487 532 602 594 Palech
627 546 737 594 contra
762 532 955 615 Dyonisium
978 531 1176 595 sacerdotem
1199 533 1306 614 primo
1339 533 1452 595 citatus
1475 554 1540 597 non

275 652 465 721 comparurt.

383 745 462 806 Item
487 742 626 806 famulus
650 743 770 805 Paulek
787 755 901 805 octavo
925 742 977 805 die
1002 757 1111 805 contra
1127 742 1285 807 famulum
1303 745 1387 806 Petri
1411 747 1541 808 sartoris

276 850 485 932 respondebit
507 870 566 933 pro
590 868 656 931 quo
679 848 849 911 fideiubuit
873 848 940 930 ipse
965 848 1094 911 Paulek.

383 974 462 1034 Item
486 993 579 1035 causa
604 973 689 1034 Petri
712 970 881 1034 frenatoris
905 986 937 1034 et
960 972 1005 1034 St.
1036 972 1153 1034 sutoris
1176 974 1285 1035 estad
1311 988 1383 1036 octo
1408 974 1478 1038 dies
1501 975 1542 1038 ad

275 1099 388 1161 pacem
413 1092 593 1161 prorogata.

382 1185 460 1247 Item
484 1184 569 1246 lilius
593 1184 764 1266 Dampiani
789 1198 899 1246 contra
922 1184 1085 1246 Andream
1103 1184 1215 1246 Polani
1240 1184 1280 1246 ad
1304 1200 1377 1247 octo
1402 1185 1471 1249 dies
1494 1206 1542 1249 re·

276 1290 360 1372 cepit
383 1290 557 1352 terminum
581 1290 620 1350 ad
646 1289 916 1371 respondendum.

384 1413 462 1474 Item
487 1432 581 1474 causa
606 1413 705 1495 Ipsius
729 1412 858 1474 Andree
879 1427 910 1475 et
927 1414 1023 1496 Myke
1045 1427 1093 1477 est
1116 1413 1156 1474 ad
1181 1427 1254 1476 octo
1278 1414 1347 1476 dies
1370 1415 1410 1477 ad
1429 1436 1542 1499 pacem

278 1534 458 1601 prorogata.
1364 1516 1367 1521 ’

383 1625 461 1686 Item
486 1644 580 1687 causa
601 1625 686 1686 Petri
711 1624 767 1686 filii
793 1623 910 1685 Donati
936 1636 966 1684 et
990 1623 1174 1685 Tormache
1197 1644 1253 1707 per
1277 1625 1384 1689 Petres
1409 1640 1440 1689 et
1464 1626 1543 1689 Dra·

275 1730 428 1813 gozlaum
453 1730 563 1793 estad
588 1743 661 1792 octo
685 1730 753 1792 dies
777 1729 817 1791 ad
840 1748 952 1811 pacem
975 1742 1155 1811 prorogata.

385 1837 462 1898 Item
499 1835 660 1917 Georgius
694 1835 779 1898 filius
814 1835 955 1896 Prenerii
990 1848 1099 1897 contra
1135 1833 1311 1917 Georgium
1347 1835 1543 1900 frenatorem

276 1944 381 2025 primo
406 1944 519 2005 citatus
542 1961 607 2004 non
633 1941 821 2024 comparuit.

382 2066 459 2128 Item
485 2066 697 2128 deliberatum
730 2078 787 2144 est,
811 2078 846 2126 ut
879 2064 1079 2126 intimabitur
1110 2064 1230 2126 Iacobo
1261 2065 1348 2145 Kun,
1372 2065 1461 2147 quod
1485 2084 1543 2148 per

276 2191 352 2233 suos
376 2190 490 2254 porcos
514 2171 691 2252 dampnum
716 2170 829 2232 domui
855 2170 899 2233 St.
924 2168 1070 2252 pellificis
1086 2189 1152 2231 non
1176 2167 1300 2248 inferat,
1326 2189 1408 2252 quos
1432 2170 1541 2233 sinon

277 2277 438 2354 retinebit,
464 2291 578 2337 extunc
603 2275 765 2338 commissi
788 2289 862 2337 sunt
885 2275 1058 2338 demactari
1083 2274 1142 2356 ipsi
1167 2274 1266 2357 porci.

383 2383 461 2444 Item
487 2382 606 2444 Paulus
630 2381 717 2444 faber
739 2379 881 2443 secundo
917 2381 1030 2443 citatus
1053 2394 1163 2443 contra
1187 2381 1331 2443 Blasium
1355 2400 1421 2443 non
1454 2400 1543 2443 com·

277 2489 393 2570 paruit.

382 2593 459 2656 Item
486 2593 691 2655 Sebastianus
715 2604 824 2653 contra
850 2591 895 2654 St.
919 2592 1024 2674 prImo
1056 2592 1169 2653 citatus
1193 2611 1258 2654 non
1282 2592 1472 2673 comparuit.

383 2699 459 2760 Item
485 2699 636 2760 dominus
659 2697 771 2760 Petrus
794 2697 913 2759 Donati
930 2711 1044 2760 octavo
1068 2698 1119 2759 die
1144 2697 1306 2779 quendam
1330 2697 1542 2779 jobagionem

279 2804 319 2866 de
344 2805 456 2866 Lonka
480 2818 590 2865 contra
615 2802 821 2884 jobagionem
846 2803 956 2865 Mareu
986 2817 1111 2865 tenetur
1140 2816 1277 2866 statuere
1302 2802 1343 2864 ad
1368 2802 1540 2882 iusticiam,

279 2910 356 2972 alias
381 2928 438 2990 pro
463 2909 532 2990 ipso
556 2922 710 2989 tanquam
733 2907 902 2971 fideiussor
924 2909 1117 2991 respondere
1141 2908 1271 2991 (debet).

384 3032 464 3093 Item
488 3051 581 3093 causa
606 3050 702 3113 quam
720 3031 871 3093 dominus
896 3031 1070 3114 Dyonisius
1085 3033 1263 3110 submotos,
1280 3044 1468 3112 procurator
1484 3030 1541 3093 do·

279 3137 357 3199 mini
383 3137 524 3219 episcopi
548 3136 773 3217 zagrabiensis,
797 3150 907 3198 contra
930 3135 1013 3198 filios
1035 3137 1163 3218 Angeli,
1187 3155 1245 3218 pro
1277 3136 1395 3217 quibus
1428 3136 1543 3198 Petrus

280 3242 374 3304 frater
399 3242 475 3304 Jaxe
498 3241 718 3324 procuratorio
750 3243 880 3305 nomine
905 3243 1012 3320 astitit,
1043 3243 1154 3320 movit,
1178 3261 1320 3303 asserens
1343 3241 1431 3324 ipsos
1456 3241 1541 3304 filloa

280 3347 396 3429 Angeli
421 3345 579 3408 debitorie
603 3346 643 3408 ad
667 3347 839 3429 coquinam
871 3347 971 3430 Ipsius
994 3347 1118 3409 domini
1148 3348 1290 3430 episcopi
1314 3361 1345 3410 et
1368 3347 1409 3409 ad
1434 3361 1539 3410 custo·

278 3453 364 3515 diam
389 3454 475 3514 curie
498 3472 554 3515 sue
579 3452 696 3515 debere
719 3453 888 3535 pertinere,
912 3468 942 3515 et
965 3454 1006 3514 ad
1030 3453 1092 3515 alia
1115 3452 1248 3515 servicia
1272 3453 1317 3514 eis
1342 3452 1540 3536 inponenda,

278 3571 325 3619 est
347 3558 387 3619 ad
409 3572 483 3620 octo
507 3557 575 3620 dies
598 3558 703 3620 taliter
718 3572 900 3641 prorogata,
925 3558 1013 3640 quod
1037 3559 1063 3619 si
1087 3557 1173 3619 idem
1190 3557 1342 3620 domInus
1366 3558 1543 3642 Dyonisius

277 3677 465 3745 procurator
488 3663 597 3745 aliqua
621 3683 716 3745 super
739 3664 901 3746 premissis
924 3676 1034 3726 contra
1056 3669 1113 3725 'eos
1133 3663 1310 3746 producere
1335 3664 1386 3726 vel
1410 3663 1541 3725 adinve-

279 3769 348 3830 nire
373 3769 489 3851 poterit
512 3768 661 3831 litteralia
686 3768 907 3848 instrumenta,
926 3768 976 3830 vel
994 3769 1053 3852 ipsi
1077 3767 1135 3830 filii
1159 3769 1276 3851 Angeli
1294 3768 1379 3832 iuxta
1404 3768 1454 3850 ius
1469 3788 1542 3851 pro·

279 3873 412 3936 ductum
435 3874 568 3955 aliquod
593 3874 702 3937 ellicax
734 3876 910 3957 producere
942 3888 1092 3958 poterunt
1122 3874 1341 3936 testimonium
1366 3875 1407 3937 ad
1431 3872 1543 3937 delen·

279 3978 421 4040 dendum
446 3993 569 4062 partem
585 3999 688 4061 suam,
712 3982 793 4043 bene
810 3981 954 4062 quidem,
978 3980 1056 4042 alias
1072 3979 1263 4062 procedetur
1281 3981 1313 4042 in
1338 4000 1434 4043 causa
1451 3980 1543 4061 equi·

278 4097 342 4146 tate
366 4085 528 4147 svadente.

388 4205 466 4268 Item
492 4206 604 4290 Maryn
631 4208 764 4270 Latinus
795 4209 937 4271 secundo
968 4209 1081 4270 citatus
1112 4221 1220 4270 contra
1249 4209 1355 4270 Eliam
1385 4211 1543 4273 stacione-

280 4309 362 4370 rium
388 4331 452 4372 non
482 4313 670 4394 comparuit.

386 4416 464 4478 Item
488 4417 639 4479 Vorricus
663 4417 847 4500 lucifigulus
870 4419 974 4502 prImo
1006 4420 1119 4481 citatus
1142 4434 1250 4481 contra
1275 4419 1439 4481 Thomam
1463 4421 1544 4483 Kra-

280 4519 394 4601 pinger
417 4541 482 4583 non
507 4524 697 4605 comparuit.

384 4643 462 4705 Item
487 4644 598 4706 Petrus
630 4646 670 4708 de
703 4645 836 4708 Rabuch
868 4660 977 4709 contra
1000 4647 1163 4708 Andream
1195 4647 1300 4729 primo
1332 4648 1446 4712 citatus
1476 4667 1544 4712 non

280 4751 468 4830 comparuit.
