3488 5250
626 368 825 450 Ann01363.
849 407 893 417 -
909 388 944 450 3.
968 375 1096 432 octabus
1436 394 1507 458 307³

309 608 403 692 Nota,
432 610 518 680 feria
547 612 654 681 tercio
682 610 838 697 proximo
866 617 944 697 post
970 608 1094 680 festum
1121 610 1211 680 beati
1242 609 1424 698 Mychaelis

767 732 971 820 archangeli.

766 884 807 960 (3.
830 883 972 957 octobris).

344 1023 453 1085 Primo
477 1022 555 1085 feria
579 1037 665 1086 sexta
689 1022 829 1106 chhey
860 1036 970 1084 contra
994 1022 1123 1083 Petrum
1148 1023 1358 1106 Letouanych
1381 1024 1501 1087 iurabit

237 1148 407 1210 supereo,
439 1128 526 1210 quod
558 1129 625 1212 ipse
657 1142 795 1211 quatuor
826 1127 976 1189 funtones
1007 1147 1077 1189 cere
1102 1129 1142 1189 ab
1174 1129 1244 1210 ipso
1268 1129 1329 1190 sibi
1353 1129 1394 1191 ad
1426 1149 1500 1213 por·

236 1234 371 1296 tandum
396 1234 463 1295 dari
488 1253 554 1296 non
571 1235 728 1317 peciisset,
749 1253 808 1295 nec
824 1233 1004 1316 recepisset,
1029 1253 1087 1296 nec
1104 1233 1205 1295 eciam
1230 1234 1381 1316 cuiquam
1398 1235 1499 1318 ipsam

238 1358 344 1401 ceram
367 1341 488 1422 portari
510 1340 708 1421 assignasset.

344 1462 421 1524 Item
444 1462 643 1545 Dampianus
666 1477 754 1524 sutor
786 1477 896 1524 contra
921 1462 1063 1524 relictam
1094 1462 1224 1525 Martini
1248 1463 1353 1544 primo
1384 1463 1498 1526 citatus

238 1587 304 1629 non
329 1568 517 1650 comparuit.

344 1672 422 1735 ltem
447 1693 540 1735 causa
565 1674 641 1734 luan
666 1673 801 1755 cirologi
825 1687 857 1735 et
880 1674 919 1735 N.
952 1673 1083 1735 Jurizlai
1110 1673 1220 1735 estad
1252 1674 1393 1756 primum
1417 1673 1500 1755 judi·

235 1778 321 1840 cium
345 1778 502 1841 adventus
526 1780 624 1861 ipsius
648 1779 724 1841 Iuan
750 1780 781 1841 in
807 1779 997 1861 Zagrabiam
1022 1793 1202 1861 prorogata.

342 1901 420 1963 Item
446 1921 540 1964 causa
566 1902 690 1964 Nicolai
714 1902 829 1984 judicis
861 1916 891 1965 et
916 1903 1023 1964 Endre
1047 1903 1218 1985 pannicide
1252 1916 1298 1964 est
1321 1903 1362 1964 ad
1387 1901 1501 1965 feriam

237 2021 358 2068 sextam
386 2021 567 2090 prorogata.

343 2112 422 2175 Item
446 2114 557 2177 Petrus
583 2114 690 2176 wzdar
718 2128 827 2176 contra
848 2113 1048 2197 Mychaelem
1065 2113 1246 2175 Ztarinicha
1263 2113 1368 2196 primo
1387 2113 1501 2175 citatus

237 2237 304 2280 non
329 2221 518 2302 comparuit.

345 2325 423 2387 Item
444 2326 548 2388 Draxe
572 2325 713 2388 secundo
731 2325 844 2388 citatus
859 2338 970 2387 contra
994 2325 1163 2388 Chernech
1179 2345 1245 2387 non
1266 2325 1455 2408 comparuit.

345 2449 421 2511 ltem
447 2463 560 2512 octavo
584 2450 636 2511 die
669 2449 826 2510 Martinus
849 2448 974 2531 Reyniz
1007 2448 1134 2528 jurabit,
1158 2447 1246 2530 quod
1278 2468 1381 2510 annus
1413 2454 1500 2511 com·

239 2554 343 2637 pletus
368 2569 449 2617 esset
472 2555 632 2616 mansioni
658 2555 791 2637 Roperti
816 2554 848 2615 in
865 2573 921 2615 sua
946 2553 1045 2615 domo
1066 2552 1158 2633 facte,
1182 2573 1247 2635 quo
1270 2553 1402 2637 prestito
1419 2554 1501 2635 jura·

239 2674 349 2723 mento
373 2660 441 2743 ipse
465 2662 625 2744 Ropertus
649 2679 762 2722 census
786 2660 861 2721 anni
886 2660 982 2721 unius
1005 2660 1064 2721 sibi
1098 2661 1219 2741 integre
1243 2659 1413 2741 persolvet.

344 2766 421 2828 ltem
445 2767 556 2829 Petrus
581 2765 780 2828 Letouanich
797 2766 903 2848 primo
920 2766 1033 2827 citatus
1057 2779 1165 2827 contra
1190 2765 1299 2848 Matey
1323 2783 1389 2826 non
1414 2784 1500 2827 com·

236 2872 351 2954 paruit.

343 2978 420 3040 ltem
453 2998 545 3040 causa
578 2976 725 3059 Gregorii
758 2991 789 3039 et
821 2976 938 3039 Donati
970 2976 1011 3038 ad
1043 2991 1116 3039 octo
1150 2976 1218 3038 dies
1248 2990 1294 3038 est
1326 2976 1366 3038 ad
1389 2995 1501 3059 pacem

236 3098 418 3167 prorogata.

342 3191 419 3253 Item
445 3189 511 3252 Cus
535 3201 643 3251 contra
667 3189 884 3270 Dragozlaum
909 3191 1014 3272 primo
1038 3189 1151 3250 citatus
1175 3208 1240 3250 non
1265 3188 1454 3270 comparuit.

342 3313 419 3375 Item
445 3312 584 3394 quedam
615 3312 725 3394 pistrix
756 3332 888 3395 panum,
919 3312 1077 3394 iobagissa
1105 3310 1162 3373 filii
1186 3310 1341 3372 Anthonii
1366 3324 1397 3371 et
1421 3309 1500 3372 luan

236 3416 321 3479 filius
344 3417 453 3479 Rados
477 3417 581 3499 primo
605 3417 691 3479 citati
716 3431 826 3479 contra
852 3418 967 3500 Mykus
991 3436 1056 3478 non
1081 3428 1338 3498 comparuerunt.

341 3523 420 3585 Item
445 3523 641 3584 Laurencius
665 3521 808 3585 frenator
831 3537 941 3607 contra
973 3521 1162 3583 Michaelem
1196 3518 1298 3581 filium
1324 3519 1369 3581 St.
1393 3518 1498 3601 primo

235 3629 349 3690 citatus
373 3647 439 3690 non
468 3629 656 3710 comparuit.

342 3734 417 3795 Item
443 3733 528 3796 filius
544 3733 624 3795 Juhe
642 3747 753 3797 contra
770 3733 942 3796 Crisanum
959 3734 1063 3816 primo
1087 3732 1201 3794 citatus
1224 3751 1289 3792 non
1306 3730 1496 3813 comparuit.

342 3840 418 3901 Item
444 3840 526 3902 inter
549 3840 713 3901 Thomam
736 3839 940 3921 gladiparum
961 3852 992 3900 et
1009 3839 1180 3900 Nicolaum
1204 3835 1417 3898 Zrebernicha
1440 3853 1498 3917 po-

235 3944 294 4006 sita
312 3958 358 4005 est
374 3965 455 4026 pena
472 3945 501 4006 X
519 3964 696 4006 marcarum
713 3944 739 4006 si
764 3964 836 4027 pars
855 3959 978 4027 partem
998 3946 1097 4006 verbo
1121 3942 1297 4004 offenderet
1321 3942 1386 4003 sive
1404 3940 1500 4003 facto.

344 4069 420 4131 Item
453 4084 566 4131 octavo
598 4069 650 4131 die
682 4069 827 4130 Francha
857 4069 942 4131 tular
972 4067 1089 4149 jurabit
1119 4087 1152 4129 se
1183 4080 1289 4128 sextus
1312 4079 1421 4127 contra
1447 4064 1499 4127 Jo-

235 4175 374 4236 hannem
399 4173 500 4236 filium
525 4175 601 4236 luan
619 4194 714 4256 super
739 4194 790 4253 eo,
814 4174 902 4256 quod
919 4194 977 4236 nec
1002 4173 1197 4235 frumentum
1218 4191 1276 4233 nec
1299 4171 1440 4233 tunicam
1459 4172 1500 4232 ab

237 4300 276 4342 eo
300 4280 480 4362 recepisset,
504 4299 562 4342 nec
587 4281 647 4340 sibi
664 4281 842 4362 dampnum
868 4281 899 4341 in
919 4279 1026 4341 valore
1051 4278 1188 4340 duarum
1212 4296 1393 4339 marcarum
1417 4277 1502 4338 intu-

237 4385 335 4448 lisset.
359 4386 447 4447 Duas
469 4399 576 4447 autem
609 4384 739 4447 faretras
771 4404 873 4467 usque
905 4385 1084 4467 quindenas
1108 4384 1167 4446 sibi
1201 4383 1275 4444 dare
1300 4383 1413 4459 debet;
1439 4382 1501 4443 alia

237 4510 314 4552 vero
338 4510 430 4552 causa
455 4491 555 4574 ipsius
579 4490 734 4552 Johannis
758 4503 868 4553 contra
892 4504 1095 4552 executorem
1120 4490 1244 4551 Nicolai
1270 4487 1327 4550 filii
1352 4488 1429 4549 luan
1455 4501 1502 4549 est

236 4597 278 4658 ad
302 4611 375 4658 octo
400 4596 467 4658 dies
490 4610 672 4679 prorogata.

342 4703 419 4764 Item
429 4703 505 4784 quia
517 4702 655 4765 Jacobus
669 4701 807 4765 Croatus
823 4721 888 4764 non
900 4701 1079 4783 comparuit
1097 4701 1149 4762 die
1167 4701 1199 4761 in
1216 4700 1354 4783 presenti
1367 4699 1501 4781 (contra)

234 4822 415 4870 consortem
440 4808 514 4870 Kun
540 4808 579 4869 ad
603 4827 694 4869 suam
718 4808 894 4886 accionem,
910 4807 983 4869 ideo
1000 4807 1025 4868 si
1051 4807 1091 4868 de
1115 4825 1202 4868 novo
1226 4824 1354 4868 causam
1371 4824 1427 4867 seu
1451 4823 1503 4867 ac·

1395 4908 1413 4938 ff
