3488 5250
235 546 352 611 terunt,
384 533 471 614 quod
504 534 570 615 ipse
603 533 752 597 viderunt
777 535 882 616 ipsum
913 537 952 598 N.
986 537 1102 598 intrare
1135 534 1309 596 stacionem
1340 534 1498 595 dictorum

236 639 379 700 Franche
403 653 434 701 et
458 639 497 702 G.
523 653 552 701 et
577 641 681 722 ipsum
705 639 743 703 G.
758 661 813 723 per
837 642 939 703 crinea
963 643 1097 720 trahere,
1123 640 1321 703 denudatum
1347 640 1497 702 bicellum

236 758 397 807 tenentem
430 745 462 806 in
495 765 604 820 manu,
627 761 657 808 et
674 747 881 829 postmodum
914 748 1060 809 similiter
1083 767 1156 809 cum
1187 736 1350 808 denudato
1383 746 1499 808 bicello

236 851 321 913 exire
346 850 385 912 de
409 851 475 933 ipsa
499 852 640 914 stacione
665 866 696 913 et
718 855 777 915 sub
801 853 873 914 sinu
897 873 1011 915 manus
1034 852 1157 934 aliquid
1182 867 1358 935 exportare,
1387 851 1427 913 ad
1453 852 1497 913 fe·

237 958 316 1018 riam
341 969 461 1019 sextam
487 972 533 1020 est
557 973 737 1041 prorogata.

344 1081 421 1142 Item
447 1079 524 1142 feria
550 1096 637 1143 sexta
661 1082 806 1163 proxima
839 1082 1001 1144 Johaunes
1032 1081 1192 1144 Vidonich
1223 1102 1280 1164 per
1304 1081 1498 1164 Gregorium

236 1183 338 1249 filidtn
364 1187 511 1265 Chuehk,
537 1189 641 1249 Eliam
666 1188 847 1251 carnificem
872 1203 903 1251 et
918 1190 1075 1273 {Kussech
1107 1189 1240 1269 figulum
1266 1202 1375 1251 contra
1401 1188 1499 1250 Fran·

237 1294 341 1372 cham,
366 1295 522 1356 Jacobum
547 1308 578 1355 et
602 1295 745 1356 Blasium
769 1295 990 1357 testimonium
1019 1294 1196 1378 producere
1220 1307 1356 1358 tenetur.

344 1399 421 1460 ltem
446 1399 558 1461 eadem
584 1398 662 1462 feria
685 1414 771 1462 sexta
796 1400 956 1483 Georgius
985 1402 1141 1463 litteratus
1164 1414 1273 1462 contra
1297 1400 1440 1462 Blasium
1463 1398 1499 1461 fi-

237 1506 317 1567 lium
350 1506 478 1568 Strosak
511 1526 567 1588 per
599 1507 735 1568 Paulum
767 1507 933 1589 pictorem,
966 1508 1094 1569 Petrum
1125 1507 1255 1589 Loytra‚
1278 1506 1499 1568 testimonium

239 1612 414 1694 producere
439 1626 573 1675 tenetur.

342 1718 420 1780 Item
445 1718 582 1780 Michael
607 1718 726 1801 (frater)
751 1720 878 1781 lectoris
907 1720 1114 1801 quindecimo
1147 1719 1198 1781 die
1223 1733 1349 1782 tenetur
1372 1719 1497 1781 solvere

239 1823 367 1885 cuidam
391 1825 522 1906 pauperi
544 1826 582 1886 111
607 1846 721 1908 pensas
744 1826 960 1889 denariorum.

342 1930 419 1991 item
445 1931 568 2000 iusticia
600 1945 715 1994 octavo
747 1932 799 1994 die
832 1933 927 1995 debet
958 1933 1025 1995 fieri
1058 1934 1168 2017 juratis
1197 1933 1237 1994 de
1270 1932 1436 2014 vituperiis
1460 1949 1497 1991 ex

237 2049 324 2117 parte
350 2036 426 2097 iuan
452 2036 650 2099 Chidaucich
674 2053 705 2101 et
729 2039 854 2101 Nicolai
878 2040 1016 2102 sartoris.

344 2160 421 2221 item
447 2161 614 2241 Draganus
636 2176 725 2224 sutor
748 2175 862 2225 octavo
886 2163 937 2224 die
970 2177 1079 2225 contra
1103 2163 1182 2224 Wlk
1205 2162 1498 2224 molendinatorem

238 2278 303 2327 met
327 2280 457 2347 quartus
481 2267 584 2347 jurare
608 2270 777 2333 tenebitur.

344 2373 421 2435 Item
443 2374 538 2457 Myke
564 2390 673 2437 contra
697 2377 790 2456 Zore,
814 2377 984 2459 persolutis
1000 2377 1128 2439 duobus
1152 2376 1289 2457 judiciis,
1313 2374 1391 2437 feria
1414 2389 1501 2436 sexta

236 2499 293 2560 per
310 2479 510 2562 Drugenum,
535 2482 644 2543 Rados
667 2495 697 2543 et
715 2482 900 2545 Cernchech
918 2484 1139 2547 testimonium
1163 2483 1339 2565 producere
1363 2495 1500 2543 tenetur.

280 2733 378 2809 Feria
405 2746 503 2810 sexta
531 2742 686 2829 proxima
714 2749 792 2814 ante
820 2749 962 2814 octavas
990 2741 1250 2831 Epiphaniarun
1279 2731 1444 2812 domini*

746 2914 807 2991 (12.
822 2915 989 2991 januaris).

342 3067 420 3129 item
434 3068 541 3130 Petres
559 3069 698 3132 carnifex
715 3084 823 3133 contra
840 3071 945 3134 Vanse
959 3071 1064 3153 primo
1077 3071 1202 3153 (citatus
1219 3091 1284 3132 non
1298 3070 1499 3152 comparuit).

345 3174 423 3234 Item
447 3175 555 3236 relicta
588 3176 743 3238 Anthonii
777 3176 884 3238 Chora
916 3190 1024 3238 contra
1050 3177 1216 3258 Kus(sech)
1234 3223 1498 3240 ...........

344 3280 421 3341 Item
447 3281 641 3344 Laurencius
665 3282 804 3345 Vardich
833 3296 863 3344 et
887 3283 975 3344 Elias
998 3303 1114 3365 parvus
1130 3328 1498 3346 ...............

344 3386 422 3448 Item
446 3386 557 3449 Petrus
580 3389 676 3450 taslar
692 3403 802 3451 contra
826 3390 853 3451 J.
882 3389 1109 3450 stacionarium
1141 3389 1245 3472 primo
1277 3389 1390 3450 citatus
1420 3387 1498 3470 (non

238 3492 440 3573 comparuit).

343 3597 420 3658 Item
447 3618 525 3660 uxor
550 3601 715 3682 Meynardi
740 3601 835 3663 tercia
861 3600 938 3664 feris
972 3622 1056 3664 nunc
1080 3615 1213 3664 ventura
1231 3647 1498 3664 ...........

237 3701 366 3781 vineali,
391 3717 500 3766 contra
522 3706 695 3786 quemdam
720 3727 821 3770 reum.

344 3809 421 3870 item
447 3831 539 3872 causa
564 3832 626 3893 que
652 3813 782 3874 vertitur
807 3814 889 3875 inter
913 3816 1092 3877 Johannem
1116 3814 1262 3891 Vidonis,
1280 3813 1423 3874 Blasium
1439 3859 1447 3873 .
1466 3859 1498 3873 ..

240 3912 307 3974 dies
330 3913 371 3975 ad
396 3935 506 3997 pacem
531 3930 578 3979 est
601 3932 781 4000 prorogata.

345 4020 423 4083 Item
447 4037 560 4085 octavo
585 4024 638 4085 die
663 4025 794 4106 Drugen
819 4040 928 4087 contra
954 4026 1116 4087 Andream
1141 4025 1267 4087 fabrum
1285 4071 1447 4087 .......
1492 4074 1498 4087 .

345 4146 422 4206 Item
448 4146 636 4209 Dominicus
660 4161 769 4210 contra
794 4150 981 4212 Barbetium
1006 4150 1148 4212 secundo
1173 4151 1286 4211 citatus
1309 4150 1386 4231 (non
1412 4168 1499 4210 com·

240 4251 365 4332 paruit).

345 4357 422 4418 Item
448 4358 630 4421 Demetrius
652 4375 761 4423 contra
786 4363 926 4424 Brumen
951 4363 1054 4444 primo
1072 4363 1186 4423 citatus
1199 4382 1264 4423 non
1285 4361 1498 4444 (comparuit).

345 4464 422 4526 Item
448 4466 640 4528 Benedictus
664 4487 797 4550 arcupar
822 4468 1029 4549 quindecimo
1060 4469 1111 4529 die
1129 4514 1498 4531 ...............

240 4568 325 4630 idem
351 4570 543 4633 Benedictus
567 4585 676 4634 contra
700 4573 839 4634 eundem
866 4573 969 4654 jurare
994 4587 1128 4637 tenetur.

345 4782 358 4809 ⁸
377 4782 482 4832 Folium
500 4800 546 4849 per
563 4784 676 4834 medium
695 4785 810 4838 scissum.
