3488 5250
291 622 389 701 ieris
419 639 519 701 sexta
546 628 701 719 proxima
729 639 806 719 post
834 627 956 702 festum
984 628 1074 702 beati
1103 629 1234 704 Andree
1262 633 1419 721 apostoli.

736 790 776 858 (1.
800 783 972 860 decembris).

333 922 442 984 Primo
465 935 582 984 octavo
606 921 659 984 die
682 921 800 1004 jurabit
823 923 976 986 luaninus
992 935 1101 985 contra
1126 923 1327 1017 Babojelxum
1351 922 1439 1004 quod
1455 922 1488 983 in

225 1027 316 1090 nullo
340 1028 401 1089 sibi
424 1042 619 1117 teneatur-..s
809 1012 934 1025 .......
965 1016 968 1023 ¹
1310 1006 1328 1019 ’

256 1113 526 1196 ’Ἶὶῐῖεἰῖιίὲ
550 1133 720 1195 Radoslou
746 1148 776 1196 et
801 1132 973 1196 Klucharie
995 1146 1042 1196 est
1065 1134 1105 1195 ad
1129 1148 1203 1197 octo
1227 1134 1295 1196 dlss
1319 1134 1359 1196 ad
1376 1146 1488 1216 pacem

224 1239 369 1304 deducta.

329 1345 407 1406 Item
431 1344 577 1407 Thomas
605 1344 762 1407 litteratus
792 1345 898 1427 prImo
930 1344 1044 1407 citatus
1074 1358 1184 1406 contre
1215 1345 1388 1407 Krsuturm
1421 1364 1487 1407 non

226 1451 414 1533 comparuit.

329 1555 408 1619 Item
431 1572 541 1618 socrus
564 1554 711 1618 Mattheus
735 1569 845 1618 contra
868 1555 1007 1619 eundem
1024 1570 1180 1638 generum
1204 1572 1297 1618 auum
1322 1577 1355 1620 se
1379 1556 1486 1635 tercia,

225 1663 313 1745 quod
337 1663 442 1724 nullas
466 1680 540 1723 suas
562 1681 612 1724 res
634 1662 800 1742 receperit,
824 1661 1039 1741 juramentum
1064 1663 1160 1724 debet
1187 1676 1338 1744 prestare.

329 1768 463 1850 Ipseque
488 1767 635 1830 Metheue
658 1782 732 1830 octo
755 1767 892 1830 cubulos
915 1768 995 1829 milii
1021 1768 1117 1830 debet
1139 1768 1200 1829 sibi
1224 1767 1310 1831 dare.

328 1874 405 1936 Item
431 1893 524 1936 causa
549 1874 639 1935 Kurlx
663 1885 774 1935 contre
798 1872 968 1935 Nicolaum
985 1873 1233 1936 Januensemad
1256 1887 1329 1935 octo
1353 1873 1422 1936 dles
1439 1889 1485 1937 est

223 1979 360 2043 deducta
384 1980 424 2042 ad
449 1999 572 2062 pacem.

329 2085 407 2147 Item
432 2086 521 2147 Banlr
546 2085 651 2167 prImo
682 2085 797 2146 citatus
819 2097 928 2145 contra
953 2083 1136 2145 Emericum
1162 2103 1228 2147 non
1252 2087 1441 2168 comparuit.

328 2190 406 2253 Item
431 2210 525 2253 causa
549 2190 716 2253 cuiusdam
742 2187 880 2273 Gyunge
905 2202 936 2251 et
966 2189 1074 2251 Endre
1098 2189 1138 2251 ad
1170 2203 1243 2252 octo
1267 2190 1335 2252 dies
1359 2205 1406 2252 est
1430 2192 1509 2273 de·¹

222 2295 316 2358 ducta
340 2296 380 2358 ad
405 2315 527 2379 pacem.

327 2402 405 2465 Item
430 2417 543 2464 octavo
568 2402 619 2463 die
651 2399 737 2464 filius
760 2402 901 2484 Mekyne
932 2415 1042 2464 contra
1073 2404 1149 2464 Moz
1172 2403 1270 2482 solus,
1301 2416 1333 2464 et
1356 2402 1486 2484 jobagio

220 2527 296 2569 suus
318 2528 351 2569 se
375 2508 545 2586 secundus,
570 2508 672 2588 jurare
698 2507 863 2570 debebunt
885 2527 980 2589 super
1001 2507 1128 2589 lIgnis.¹

325 2613 402 2676 Item
435 2626 549 2676 octavo
581 2610 633 2675 die
670 2612 820 2695 magister
852 2608 990 2675 Michael
1022 2612 1139 2694 jurablt
1170 2626 1280 2676 contra
1312 2613 1420 2676 Herxa
1453 2628 1485 2677 et

219 2718 419 2784 Demetrium
440 2738 600 2801 supereo,
626 2719 713 2800 quod
732 2720 791 2802 ipsi
815 2718 1055 2781 fideiussionem
1072 2720 1169 2781 trium
1185 2738 1367 2802 pensarum,
1392 2719 1482 2801 joba-

217 2825 313 2906 gione
338 2845 397 2887 suo
420 2845 515 2908 super
539 2825 738 2907 possessIone
763 2845 819 2886 sua
844 2825 1007 2903 existente,
1030 2844 1096 2886 non
1120 2824 1338 2907 deposuerint.

325 2926 401 2993 Item
435 2931 510 3012 quis
541 2930 647 2993 Draxe
678 2927 780 2991 fassus
813 2924 914 2992 extitit
945 2948 979 2991 se
1010 2930 1112 2993 teneri
1145 2925 1291 2993 Cernech
1323 2948 1422 3013 parvo
1454 2933 1483 2993 X

219 3055 341 3098 marcas
365 3036 471 3097 minus
495 3036 552 3097 XL
570 3035 729 3113 denarios,
753 3054 894 3098 necnon
918 3030 1036 3097 XXVII
1052 3036 1166 3098 starios
1181 3028 1265 3115 salis,
1290 3036 1364 3098 ideo
1381 3035 1485 3100 solvet

220 3158 321 3222 usque
346 3139 535 3224 quindenas.

325 3246 404 3309 Item
436 3247 582 3309 Thomas
611 3243 758 3328 gladipar
789 3246 895 3328 primo
927 3244 1039 3308 citatus
1070 3264 1136 3307 non
1171 3248 1350 3330 comparuit
1373 3260 1483 3310 contra

218 3351 375 3416 Cernech.
405 3404 407 3408 .

324 3459 402 3521 Item
427 3460 601 3541 Jurglynus
628 3458 758 3541 pellifex
795 3459 965 3540 assumpsit
996 3472 1027 3520 et
1051 3459 1146 3519 debet
1176 3459 1301 3521 solvere
1325 3460 1483 3542 lanzlyno

217 3564 412 3647 Krupiclrich
437 3582 534 3627 unam
558 3581 697 3626 marcam
722 3564 938 3627 denariorum.

323 3668 401 3730 Item
425 3684 538 3731 octavo
562 3669 615 3731 die
639 3669 726 3751 Span
750 3682 861 3731 contra
878 3670 1077 3731 Demetrium
1095 3669 1221 3750 jurabit,
1247 3671 1336 3752 quod
1353 3671 1481 3732 racione

216 3775 246 3835 Χ
271 3774 467 3836 florenorum
491 3775 676 3858 previorum
701 3788 732 3837 et
763 3776 929 3837 cuiusdam
962 3776 1050 3857 porci
1075 3776 1198 3838 nullam
1229 3792 1302 3837 cum
1327 3777 1396 3858 ipso
1419 3777 1481 3837 De-

216 3881 331 3941 metrio
355 3877 465 3942 fecerit
488 3881 774 3962 composicionem,
808 3901 866 3942 nec
898 3882 1087 3943 eorumdem
1120 3881 1227 3944 eidem
1258 3883 1479 3944 remissionem

216 3999 270 4047 sut
294 3985 499 4047 dilacionem.

321 4091 400 4152 Item
425 4092 562 4152 lacobus
587 4092 754 4153 balneator
771 4105 880 4154 contra
895 4092 1069 4154 Martinam
1088 4113 1217 4154 mosnar
1241 4094 1345 4174 primo
1369 4094 1481 4157 citatus

215 4216 280 4258 non
305 4197 493 4278 comparuit.

321 4303 398 4364 Item
423 4317 537 4365 octavo
561 4303 613 4365 die
638 4304 706 4365 Kus
731 4302 870 4365 carnifex
895 4325 928 4366 se
951 4305 1068 4367 tercius
1092 4317 1202 4365 contra
1226 4304 1369 4366 relictam
1395 4305 1479 4367 Petri

215 4409 255 4471 de
280 4409 394 4471 Scalen
418 4428 512 4491 super
536 4428 586 4487 eo,
617 4408 705 4490 quod
730 4409 762 4470 In
782 4409 873 4471 nullo
897 4410 970 4491 plus
993 4410 1052 4490 ipsi
1079 4411 1211 4472 domine
1234 4423 1391 4487 teneatur,
1417 4411 1477 4471 nisi

216 4515 304 4596 quod
329 4515 512 4576 continetur
535 4515 567 4576 in
595 4514 726 4590 litteris;
758 4514 890 4577 domina
923 4534 999 4576 vero
1024 4515 1091 4596 ipsa
1117 4534 1181 4576 non
1215 4515 1344 4597 negavit
1367 4534 1399 4575 se
1424 4514 1479 4576 ba·

215 4621 322 4682 buisse
346 4623 386 4682 ab
411 4620 526 4683 eodem
551 4619 618 4682 Cur
642 4619 778 4682 cubulos
801 4621 868 4682 vini
892 4621 1025 4697 XLVII;
1058 4634 1153 4683 testes
1177 4640 1253 4683 vero
1277 4621 1376 4702 ipsius
1402 4621 1480 4698 Cus,

214 4728 336 4790 scilicet
360 4728 463 4789 Draxe
487 4740 518 4788 et
542 4726 696 4789 Salomon
722 4726 754 4787 in
778 4723 862 4788 facto
892 4726 1059 4788 cuiusdam
1084 4726 1159 4788 salis
1181 4727 1341 4809 produci,
1365 4740 1479 4789 sterta-

213 4833 339 4895 cionem
365 4834 506 4916 ipsorum
530 4832 696 4915 pecierunt
719 4831 759 4894 ad
783 4846 856 4894 octo
881 4832 949 4893 dies
973 4851 1163 4914 prorogare.
