3488 5250
637 299 723 356 Anno
747 308 834 374 1357.
859 331 900 340 -
925 312 974 357 10.
996 298 1166 358 novembris.

364 507 441 569 Item
468 526 562 569 causa
586 527 650 589 que
673 507 805 570 vertitur
838 508 919 570 inter
950 509 1085 570 Peterko
1110 521 1251 571 sutorem
1283 522 1314 570 et
1337 509 1522 571 Zoretinam

258 614 298 674 ad
323 627 397 676 octo
421 613 490 674 dies
513 613 553 675 ad
576 633 689 695 pacem
713 628 758 675 est
781 627 963 695 prorogata.

364 720 443 782 Item
469 740 563 782 causa
587 740 650 802 que
674 720 807 781 vertitur
831 720 911 782 inter
936 720 976 783 G.
1000 735 1032 782 et
1056 721 1094 783 K.
1120 721 1161 783 ad
1183 734 1257 782 octo
1281 720 1350 783 dies
1372 734 1419 784 est
1449 742 1521 805 pro-

259 840 381 907 rogata.

365 932 444 994 Item
468 951 648 1014 causaque
672 932 804 993 vertitur
828 932 909 993 inter
925 931 1064 994 Kathnm
1088 946 1120 994 et
1144 931 1322 1012 Georgium
1345 931 1520 994 litteratum

259 1038 298 1099 ad
323 1051 396 1100 octo
420 1038 489 1100 dies
513 1038 552 1099 ad
577 1057 689 1119 pacem
713 1051 759 1098 est
782 1051 964 1119 prorogata.

365 1143 442 1205 item
468 1143 628 1224 Georgius
641 1156 750 1204 contra
763 1144 803 1204 N.
818 1140 946 1205 Kordek
960 1142 1102 1205 secundo
1119 1141 1232 1204 citatus
1248 1161 1312 1203 non
1331 1141 1523 1226 comparuit.

365 1249 443 1311 item
468 1250 555 1310 Elias
578 1261 688 1310 contra
713 1248 757 1310 St.
782 1247 924 1309 secundo
947 1249 1060 1310 citatus
1083 1267 1149 1309 non
1173 1249 1362 1330 comparuit.

364 1355 443 1416 item
456 1355 564 1416 relicta
575 1355 709 1416 Peterlro
723 1366 832 1415 contra
844 1354 1017 1415 Martinum
1031 1354 1136 1436 primo
1147 1354 1240 1415 citata
1253 1373 1318 1415 non
1332 1353 1523 1436 comparuit.

368 1460 447 1522 item
479 1460 586 1522 Petres
617 1459 757 1521 carnifex
789 1473 897 1520 contra
929 1459 1058 1522 Petrum
1091 1458 1259 1542 Oplzauch
1283 1459 1386 1540 primo
1411 1459 1525 1520 citatus
1544 1524 1550 1547 ,ἡ

263 1584 328 1627 non
353 1566 541 1648 comparuit.

368 1673 444 1733 Item
471 1673 545 1752 quia
571 1672 732 1733 Johannes
756 1671 865 1733 Ordus
888 1684 918 1733 et
942 1670 1094 1732 Nicolaus
1118 1670 1217 1732 ruffus
1241 1671 1272 1733 in
1297 1670 1398 1752 figura
1423 1670 1522 1732 nostri

260 1779 371 1841 iudicii
395 1798 428 1839 se
452 1792 565 1840 mutuo
580 1778 839 1860 vituperaverint,
864 1776 1001 1839 convicti
1024 1789 1097 1837 sunt
1113 1789 1222 1838 contra
1246 1776 1386 1858 judicem
1411 1795 1524 1837 eorum

262 1885 399 1967 quilibet
423 1885 454 1945 in
480 1885 508 1945 X
531 1885 656 1946 marcis.

367 1991 444 2052 item
481 1988 658 2071 Gregurich
694 2001 803 2050 contra
838 1987 940 2049 filium
977 1987 1097 2050 Mathia
1131 1989 1273 2051 secundo
1311 1989 1424 2051 citatus
1459 2007 1525 2050 non

263 2096 453 2178 comparuit.
1555 2076 1559 2084 ¹

368 2201 446 2262 Item
472 2201 627 2262 Martinus
651 2214 760 2262 contra
778 2200 914 2261 Paulum
935 2199 1041 2282 primo
1065 2200 1177 2261 citatus
1201 2219 1267 2261 uon
1292 2200 1480 2282 comparuit.

371 2308 449 2369 Item
475 2307 612 2369 Michael
636 2305 755 2390 (frater)
788 2306 916 2368 lectoris
939 2305 979 2367 ad
1011 2319 1085 2367 octo
1110 2305 1179 2366 dies
1209 2307 1330 2389 recepit
1352 2306 1525 2368 terminum

262 2414 303 2476 ad
328 2413 601 2496 respondendum.

298 2629 396 2704 Feria
424 2635 531 2704 tercia
560 2636 722 2721 proxima
742 2639 820 2704 ante
848 2632 971 2703 festum
1000 2632 1090 2703 beati
1119 2631 1243 2704 Briccii
1273 2633 1419 2721 episcopi
1456 2637 1488 2702 et

793 2756 1008 2828 confessoris.

760 2910 823 2986 (10.
847 2909 1026 2986 novembres).

369 3065 447 3126 ltem
472 3077 586 3127 octavo
611 3065 662 3126 die
687 3066 757 3127 insa
793 3079 902 3127 contra
927 3065 1118 3127 Michaelem
1150 3062 1279 3126 fratrem
1311 3065 1438 3126 lectoris
1470 3084 1526 3148 per

264 3171 341 3232 luen
366 3170 488 3232 dictum
512 3170 733 3233 Chidauchich
757 3185 787 3233 et
811 3173 850 3233 N.
874 3171 976 3233 filium
1009 3170 1135 3252 Bologh
1158 3170 1380 3232 testimonium
1404 3171 1523 3253 produ-

265 3296 335 3338 cere
357 3290 483 3338 tenetur
506 3297 601 3358 super
624 3277 708 3339 facto
732 3277 955 3339 fideiussionis.

370 3383 447 3442 item
472 3383 597 3444 Blasius
621 3382 705 3444 filius
730 3385 864 3445 Ztrozak
888 3396 997 3444 contra
1023 3382 1201 3463 Georgium
1225 3382 1265 3443 ad
1290 3396 1363 3444 octo
1387 3382 1455 3444 dies
1479 3403 1527 3446 re-

265 3488 348 3570 cepit
371 3488 543 3549 terminum
576 3489 615 3549 ad
640 3489 920 3571 respondendum
953 3490 1034 3550 inter
1057 3508 1155 3570 quem
1188 3488 1365 3569 Georgium
1389 3489 1430 3550 ad
1454 3489 1526 3550 Bla-

268 3594 351 3654 sium
377 3613 458 3675 pena
482 3594 511 3654 X
536 3614 714 3656 marcarum
739 3610 786 3657 est
809 3595 922 3677 posita.
1012 3669 1014 3672 .

373 3699 450 3760 item
475 3713 589 3761 octavo
613 3701 665 3762 die
689 3701 756 3782 ipse
781 3700 941 3781 Georgius
966 3714 1075 3761 contra
1092 3701 1234 3762 relictam
1260 3700 1476 3762 Mekkochren
1494 3701 1526 3762 in

265 3804 348 3866 facto
372 3806 586 3887 percussionis
609 3827 665 3889 per
689 3808 766 3868 iuan
801 3807 921 3868 dictum
955 3806 1176 3869 Chidauchich
1207 3819 1238 3868 et
1261 3805 1408 3869 Cernech
1438 3806 1526 3868 testi·

267 3910 413 3971 monium
437 3911 614 3992 producere
637 3927 773 3974 tenetur.

371 4016 449 4077 Item
475 4036 568 4078 causa
594 4019 717 4079 domini
736 4019 862 4080 Martini
888 4018 944 4079 filii
962 4019 1117 4080 Anthonii
1142 4018 1182 4080 ad
1207 4020 1346 4101 primum
1371 4019 1526 4100 judicium

265 4120 421 4182 adventus
453 4122 577 4184 domini
602 4125 636 4185 P.
663 4126 697 4185 L.
730 4138 776 4186 est
810 4106 991 4205 prorogata,
1022 4126 1077 4205 qui
1108 4125 1258 4186 dominus
1291 4126 1324 4189 P.
1357 4145 1429 4187 cum
1461 4130 1527 4187 An·

264 4226 377 4288 thonio
402 4228 538 4289 condam
563 4230 666 4310 judice
690 4229 856 4292 testificare
871 4231 1035 4292 debebunt
1058 4244 1088 4292 et
1113 4231 1228 4310 dicere,
1253 4233 1278 4293 si
1304 4232 1404 4293 scient
1419 4244 1526 4293 utrum

266 4334 478 4395 communitas
493 4349 637 4417 tempore
654 4337 811 4416 judicatus
828 4337 983 4398 Anthonii
1000 4337 1136 4399 condam
1154 4337 1268 4418 judicis
1281 4338 1320 4400 de
1337 4338 1396 4399 XX
1414 4338 1528 4399 marcis

266 4437 470 4500 denariorum
502 4460 558 4521 per
590 4441 746 4503 Gerinum
771 4443 829 4524 ipsi
862 4444 904 4505 M.
936 4443 1059 4522 solutis,
1090 4445 1119 4504 X
1149 4463 1270 4505 marcas
1301 4464 1360 4526 pro
1384 4463 1443 4505 suo
1467 4463 1526 4505 usu

267 4545 420 4625 receperit
443 4545 495 4606 vel
519 4566 569 4608 ne.

372 4651 449 4713 item
474 4651 611 4714 Bartuch
636 4652 668 4712 in
692 4653 812 4714 octavis
835 4654 991 4715 adventus
1015 4654 1158 4717 eiusdem
1183 4655 1308 4716 domini
1333 4656 1367 4718 P.
1390 4675 1447 4738 per
1470 4655 1528 4718 do·

267 4757 369 4818 minas
404 4756 545 4819 relictam
582 4757 718 4820 Nicoleti
756 4772 786 4821 et
821 4777 964 4821 sororem
1000 4760 1143 4822 eiusdem
1182 4761 1320 4823 Nicoleti
1358 4760 1525 4824 testificare
