3488 5250
570 343 657 400 Anno
678 338 770 418 1363.
794 373 837 384 -
860 354 912 418 24.
936 339 1109 400 novembris.
1418 357 1475 418 321

322 552 399 614 Item
425 566 539 614 octavo
565 551 618 614 die
642 551 803 614 lohannes
831 551 916 614 filius
940 552 1057 614 Cemer
1081 564 1189 612 contra
1215 551 1343 611 Petrum
1376 570 1408 611 se
1432 569 1479 610 se·

218 659 343 721 cundua
367 658 494 738 jurabit,
519 657 606 739 quod
631 657 675 736 id,
700 657 787 740 quod
809 657 888 719 dixit
911 672 946 720 ut
969 670 1059 740 pater
1082 676 1158 718 suus
1175 657 1323 718 meliores
1347 656 1481 717 rusticos

218 765 288 846 ipso
313 763 455 844 haberet,
480 782 546 825 non
570 763 702 825 dixisset
725 784 763 825 ex
794 765 969 846 contempti
994 763 1135 824 rancoris
1166 760 1291 838 furore;
1316 775 1347 823 et
1377 762 1481 843 posita

218 883 265 931 est
288 889 370 952 pena
395 870 425 931 X
450 888 631 931 marcarum
656 869 737 930 iuter
762 868 858 951 ipsos.

323 975 400 1036 Item
425 974 565 1037 Redicha
590 990 700 1037 contra
725 974 896 1037 Nicolaum
922 974 1027 1056 primo
1058 975 1171 1036 citatus
1202 992 1268 1034 non
1293 974 1483 1055 comparuit.

325 1080 403 1142 Item
437 1080 507 1141 Elia
541 1080 579 1141 de
612 1080 754 1162 Krapina
788 1092 897 1141 contra
929 1079 1104 1141 Martinum
1139 1091 1280 1140 sutorem
1311 1098 1344 1140 se
1367 1080 1484 1141 tercius

217 1186 313 1248 debet
335 1206 369 1248 se
394 1186 426 1247 in
452 1183 536 1247 facto
561 1186 707 1247 clamidis
731 1205 916 1268 expurgare.

324 1291 401 1352 ltem
426 1291 533 1353 Endre
558 1305 668 1353 contra
701 1289 874 1373 Gyungam
899 1291 939 1352 ad
970 1302 1043 1352 octo
1068 1289 1136 1351 dies
1165 1291 1340 1351 terminum
1365 1291 1484 1372 recepit

142 1454 143 1459 ,
217 1396 445 1480 respondendi.

324 1502 403 1566 Item
429 1503 517 1564 Luca
541 1515 572 1563 et
595 1503 676 1563 Pero
701 1515 811 1564 contra
829 1502 875 1564 St.
899 1502 1003 1584 primo
1021 1502 1107 1564 citati
1132 1520 1197 1563 non
1222 1514 1480 1583 comparuerunt.

325 1607 403 1669 ltem
418 1607 462 1671 St.
480 1608 690 1669 stacionariua
707 1622 816 1669 contra
833 1607 938 1668 Ellam
956 1607 1061 1689 primo
1079 1607 1192 1668 citatus
1208 1626 1273 1668 non
1291 1605 1482 1688 comparuit.

428 1839 525 1914 Faria
553 1849 652 1914 sexta
680 1849 758 1913 ante
789 1843 912 1913 festum
939 1851 1056 1913 sancte
1086 1840 1259 1931 Cateryne.

713 2003 778 2072 (24.
808 1994 989 2070 novembres).

325 2135 434 2196 Primo
458 2153 552 2195 causa
568 2132 626 2194 filii
644 2133 789 2195 Paladini
814 2147 846 2194 et
865 2152 997 2195 suorum
1014 2133 1270 2196 adversariorum
1294 2134 1334 2195 ad
1351 2134 1482 2195 terciam

219 2238 331 2302 seriam
356 2239 570 2322 peremptorie
594 2253 641 2301 est
671 2253 852 2321 prorogata.

325 2345 404 2408 ltem
429 2365 523 2407 causa
549 2343 704 2407 Johannis
727 2360 837 2407 contra
854 2345 997 2406 blasium
1019 2342 1175 2406 famulum
1202 2344 1328 2406 Thadei
1352 2344 1393 2406 ad
1410 2358 1484 2406 octo

219 2452 288 2514 dies
312 2465 359 2514 est
382 2451 519 2513 deducta
544 2449 585 2512 ad
608 2470 731 2533 pacem.

325 2556 404 2619 item
429 2576 523 2619 causa
548 2555 672 2618 Nicolai
697 2557 857 2638 organista
887 2570 918 2618 et
935 2556 1066 2617 Henrici
1091 2555 1237 2638 pellificis
1261 2556 1301 2617 ad
1325 2570 1399 2618 octo
1415 2556 1486 2618 dies

219 2662 260 2723 ad
286 2682 398 2744 pacem
422 2675 469 2725 est
496 2661 644 2724 deducta.

325 2769 402 2830 Item
428 2777 521 2829 causa
546 2766 670 2828 Franch
694 2779 725 2827 et
748 2766 903 2828 lobannis
927 2767 1101 2849 Zagorcich
1125 2767 1164 2829 ad
1190 2780 1263 2829 octo
1288 2767 1356 2829 dies
1380 2767 1483 2828 estad

220 2892 331 2954 pacem
355 2885 537 2955 prorogata.

327 2979 404 3040 ltem
428 2992 543 3040 octavo
568 2978 620 3040 die
644 2977 789 3040 Andreas
813 2977 902 3039 faber
932 2993 1042 3041 contra
1074 2978 1216 3040 Blasium
1249 2993 1402 3040 sartorem
1426 2998 1484 3061 per

222 3083 365 3144 relictam
391 3083 582 3145 Lancholoti
600 3097 631 3144 et
647 3083 838 3164 iobagissam
855 3103 946 3145 suam
963 3084 1184 3145 testimonium
1207 3104 1303 3166 super
1318 3084 1485 3166 vituperiis

221 3189 386 3270 producet.

330 3295 407 3357 ltem
425 3296 500 3376 quia
519 3296 674 3356 Martinus
691 3296 815 3378 Reyniz
833 3309 942 3357 contra
955 3294 1173 3376 Dampianum
1191 3310 1332 3357 sutorem
1346 3316 1402 3378 per
1414 3297 1486 3358 uni-

221 3420 329 3462 versos
352 3402 427 3462 anni
452 3401 592 3482 preteriti
611 3401 730 3481 juratos
746 3421 874 3463 causam
892 3401 923 3462 in
949 3398 1032 3463 facto
1051 3401 1159 3463 metali
1184 3416 1316 3481 motam,
1333 3403 1486 3483 agitatam

221 3525 279 3588 per
303 3488 407 3588 ipsum
434 3507 651 3588 Dampianum
676 3520 707 3567 et
729 3507 865 3588 sopitam
883 3506 1115 3588 comprobavit,
1140 3506 1214 3568 ideo
1238 3521 1357 3569 metam
1374 3507 1482 3568 huius-

221 3613 310 3673 modi
336 3613 493 3688 obtinuit;
519 3627 549 3673 et
573 3612 659 3674 idem
684 3613 709 3673 si
734 3613 773 3673 ad
798 3627 870 3674 octo
894 3612 963 3673 dies
994 3611 1091 3691 judici
1116 3626 1147 3674 et
1170 3613 1279 3693 juratis
1303 3632 1369 3674 non
1392 3614 1483 3675 satis·

221 3715 326 3796 saciet,
351 3732 466 3780 extunc
490 3719 719 3780 deliberabitur
743 3717 821 3798 quid
846 3717 923 3797 juris
946 3716 1049 3780 luerit.

327 3824 404 3885 ltem
429 3839 542 3886 octavo
567 3825 618 3885 die
643 3825 791 3886 Todcam
815 3844 871 3906 per
888 3824 963 3885 luan
989 3823 1165 3901 custodem,
1190 3825 1267 3885 Jake
1284 3823 1482 3907 Krupichich

222 3944 253 3992 et
278 3928 407 3992 Gerdak
431 3946 540 3992 contra
565 3931 677 3993 Crisan
702 3931 922 3992 testimonium
946 3931 1101 4012 producet
1132 3929 1221 4012 quod
1245 3930 1384 3991 bubulos
1407 3951 1485 3992 suos

222 4033 392 4116 affugasset
415 4049 446 4097 et
469 4037 529 4096 sibi
554 4036 729 4117 dampnum
757 4030 935 4096 intullisset.

326 4141 404 4202 ltem
430 4141 504 4222 quia
530 4141 672 4202 Peronch
703 4141 924 4202 testimonium
957 4141 1044 4221 quod
1070 4153 1179 4201 contra
1211 4140 1347 4202 Paulum
1379 4139 1483 4201 irena·

221 4258 325 4308 torem
350 4246 525 4328 producere
550 4259 762 4328 assumpserat
785 4266 850 4307 non
879 4246 1040 4327 produxit,
1064 4247 1232 4308 succubuit
1255 4248 1287 4308 in
1313 4267 1418 4309 causa.

329 4353 406 4413 ltem
430 4365 544 4414 octavo
570 4353 621 4413 die
647 4352 802 4414 Martinus
826 4364 934 4412 contra
960 4352 1072 4414 Crisan
1098 4353 1200 4414 Zener
1224 4373 1279 4435 per
1304 4352 1432 4415 Gerdak
1448 4367 1481 4414 et

222 4456 403 4518 lohannem
427 4458 648 4519 testimonium
672 4477 766 4540 super
791 4459 956 4539 vituperiis
979 4458 1146 4539 producet.

329 4565 405 4625 Item
430 4579 544 4626 octavo
568 4563 620 4625 die
653 4562 836 4624 Radozlaus
868 4578 977 4624 contra
1010 4563 1216 4626 Kluchariam
1250 4584 1305 4647 per
1334 4564 1429 4646 Myke
1454 4576 1488 4624 et

222 4671 299 4731 luan
323 4670 542 4732 testimonium
567 4669 743 4751 producere
767 4669 863 4730 debet
894 4689 988 4751 super
1012 4671 1198 4732 verberibus
1229 4686 1260 4733 et
1282 4690 1378 4752 super
1401 4670 1488 4731 vitu·

223 4775 318 4857 perlis
342 4795 398 4858 per
421 4775 558 4837 Paulum
582 4794 753 4857 preconem
779 4788 810 4836 et
833 4773 1073 4869 Juritfigulum.

1376 4883 1412 4925 21
