3488 5250
630 370 717 426 Anno
739 381 826 445 1357.
852 401 893 410 -
917 365 967 428 18.
992 369 1104 441 aprilis.
1451 366 1490 446 83

333 581 411 643 Item
436 581 573 640 Iacobus
598 577 786 659 Pintikachy
811 592 920 639 contra
942 579 1120 638 Marketum
1139 576 1281 638 secundo
1298 577 1410 638 citatus
1426 596 1491 638 non

228 687 416 768 comparuit.

334 792 410 853 Item
437 790 540 851 Budia
564 804 673 850 contra
699 789 828 871 Endrey
853 789 957 870 prImo
990 789 1082 849 citata
1108 807 1172 848 non
1198 787 1386 869 comparuit.

335 897 412 958 Item
437 897 585 972 Iacobus,
612 895 714 956 dictus
740 895 824 972 Kun‚
850 913 950 974 usque
975 893 1161 974 quindecim
1185 893 1253 954 dies
1272 907 1399 955 tenetur
1430 893 1492 955 sol·

229 1023 303 1065 vere
329 1002 495 1064 Anthonio
527 1000 594 1062 filio
628 1000 798 1082 CrIzozIay
829 1001 985 1061 sacerdoti
1020 999 1107 1060 LXX
1140 1000 1288 1061 denarios
1320 1003 1379 1062 sub
1411 1020 1493 1082 pena

231 1110 355 1191 duppII,
379 1109 466 1170 salva
491 1107 605 1169 iudicis
629 1107 782 1188 porcione
806 1107 831 1167 si
857 1125 946 1167 secus
971 1103 1089 1167 fecerit.

335 1215 412 1275 Item
439 1233 532 1274 causa
556 1231 619 1293 que
643 1213 777 1274 vertitur
810 1213 892 1272 inter
918 1211 1086 1272 Nicolaum
1112 1210 1257 1271 Pezdech
1283 1225 1313 1272 et
1338 1211 1382 1273 St.
1408 1211 1493 1273 Lou-

229 1321 320 1381 randi
345 1319 383 1379 ad
409 1319 549 1400 primum
574 1317 728 1378 iudicium
754 1316 793 1378 ad
819 1336 930 1398 pacem
955 1329 1002 1377 est
1025 1331 1206 1397 prorogata.

334 1425 410 1485 Item
437 1443 530 1485 causa
555 1442 618 1504 que
643 1423 776 1484 vertitur
801 1423 882 1484 inter
907 1421 1024 1484 Geram
1050 1436 1081 1483 et
1105 1422 1340 1503 Margaretham
1365 1423 1406 1484 ad
1431 1424 1493 1506 pri·

228 1551 317 1593 mum
343 1529 497 1591 iudicium
523 1529 581 1589 sub
607 1527 709 1589 forma
733 1528 819 1609 pacis
844 1542 889 1589 est
914 1541 1094 1609 prorogata.

336 1636 412 1696 Item
439 1635 515 1695 Iuan
541 1632 636 1694 frater
660 1632 755 1695 Crixe
787 1646 897 1694 contra
928 1633 1085 1694 DokIezin
1111 1631 1188 1693 feria
1221 1648 1306 1696 sexta
1331 1650 1404 1717 post
1437 1637 1493 1698 Pa·

228 1762 314 1805 scam
338 1755 403 1802 met
426 1740 542 1802 tercius
565 1753 690 1800 tenetur
715 1738 875 1818 deponere
900 1738 1124 1820 juramentum.

335 1848 412 1907 Item
438 1847 600 1906 Iohannes
624 1843 708 1904 filius
738 1844 899 1906 Christine
924 1863 1025 1925 usque
1058 1844 1244 1926 quindecim
1269 1847 1337 1908 dies
1366 1861 1494 1910 tenetur

231 1955 353 2016 solvere
379 1952 424 2014 St.
449 1952 528 2012 duas
544 1970 666 2011 marcas
690 1970 748 2032 pro
765 1950 979 2030 percussione,
1009 1965 1039 2012 et
1056 1949 1152 2029 judici
1175 1952 1316 2013 mediam
1341 1972 1491 2016 marcam.

334 2058 411 2120 Item
436 2077 529 2119 causa
554 2076 616 2137 que
640 2056 773 2117 vertitur
805 2055 886 2116 inter
915 2054 1071 2117 Gerinum
1103 2071 1133 2117 et
1159 2057 1333 2119 Martinum
1365 2059 1404 2119 de
1429 2058 1494 2121 Go-

187 2165 189 2169 ’
231 2166 314 2226 liana
340 2163 378 2224 ad
404 2163 543 2245 primum
569 2161 725 2223 iudicium
749 2175 796 2223 est
820 2175 999 2243 prorogata.

335 2269 412 2330 Item
445 2269 518 2329 licet
551 2267 681 2350 Endrey
717 2266 811 2329 frater
837 2268 905 2328 Kus
940 2267 1095 2329 carnificis
1129 2268 1350 2331 testImonium
1384 2285 1494 2333 contra

229 2395 361 2436 uxorem
387 2374 473 2435 Bene
509 2373 541 2434 in
576 2374 714 2454 presenti
740 2373 860 2452 judicio
888 2374 1065 2456 producere
1102 2373 1257 2453 debebat,
1288 2390 1396 2437 tamen
1428 2397 1494 2438 non

229 2481 315 2542 venit
340 2500 397 2542 nec
422 2479 518 2557 misit,
544 2499 602 2539 nec
627 2479 848 2540 testimonium
874 2493 969 2560 prout
993 2493 1206 2560 assumpserat
1229 2480 1390 2561 produxit.

334 2586 412 2647 Item
436 2585 598 2646 iohannes
622 2585 781 2647 Vidonich
807 2600 837 2647 et
862 2586 937 2647 Iuan
955 2605 1054 2664 gener
1078 2585 1219 2646 custodis
1242 2586 1399 2649 testificati
1417 2589 1494 2650 exti-

230 2705 346 2768 terunt,
372 2691 460 2772 quod
478 2690 675 2773 Meynardus
688 2711 758 2752 cum
777 2691 963 2752 hominibus
979 2691 1044 2752 suis
1065 2692 1103 2751 de
1121 2691 1215 2752 vinea
1237 2697 1330 2753 Anne
1354 2693 1494 2757 insuam

229 2796 380 2879 praproth
403 2797 521 2878 recepit
546 2811 576 2858 et
601 2797 749 2878 portavit,
774 2799 895 2879 etipsa
920 2817 1013 2858 causa
1037 2799 1077 2858 ad
1102 2798 1241 2878 primum
1267 2798 1423 2861 iudicium
1448 2815 1495 2862 est

229 2917 409 2985 prorogata.

335 3008 411 3069 Item
437 3009 510 3089 quia
537 3008 631 3070 Iuech
663 3028 761 3089 gener
786 3008 894 3069 Rados
926 3010 1042 3086 semel,
1074 3009 1226 3088 secundo,
1251 3011 1350 3071 tercio
1383 3012 1495 3073 citatus

229 3133 293 3174 non
318 3114 405 3175 venit
430 3134 488 3174 nec
512 3114 598 3175 misit
630 3128 740 3175 contra
767 3115 934 3176 Marenum
967 3114 1159 3194 carnificem,
1185 3115 1258 3177 ideo
1291 3117 1494 3179 adiudicave-

228 3235 302 3281 runt
326 3219 419 3299 jurati
445 3234 480 3281 ut
504 3219 571 3300 ipse
597 3219 691 3280 Iuech
721 3218 801 3280 infra
829 3221 887 3281 XV
912 3220 980 3283 dies
1009 3221 1112 3281 eidem
1139 3222 1271 3282 Mareno
1303 3223 1427 3285 solvere
1450 3237 1494 3285 te·

229 3339 322 3386 netur
345 3340 418 3386 octo
444 3345 556 3406 pensas
579 3346 652 3387 cum
678 3326 783 3387 media
815 3325 1041 3402 denariorum;
1067 3340 1097 3387 et
1122 3326 1174 3387 IIII
1196 3327 1353 3407 denarios,
1378 3330 1495 3411 quibus

230 3433 334 3515 ipsum
358 3433 420 3495 fide
444 3453 500 3495 sua
526 3434 688 3495 mediante
715 3434 781 3515 ipse
815 3435 923 3494 IIiaren
949 3448 1102 3514 tanquam
1135 3433 1258 3494 socium
1282 3435 1382 3495 teneri
1407 3455 1493 3496 com-

229 3540 387 3621 probavit.

335 3645 413 3711 Item
438 3665 531 3706 causa
556 3665 618 3726 que
643 3645 775 3706 vertitur
793 3645 874 3705 inter
895 3643 1066 3706 OthIinum
1085 3659 1115 3706 et
1141 3644 1185 3705 St.
1205 3644 1317 3705 Kuche
1342 3646 1381 3706 ad
1400 3646 1493 3727 quin-

230 3750 429 3835 decimrdies
453 3764 498 3811 est
522 3764 702 3832 prorogata.

336 3856 414 3917 Item
440 3856 550 3919 Petrus
574 3855 760 3938 Oplzauech
787 3870 896 3916 contra
915 3856 1104 3917 PaIadinum
1130 3855 1271 3916 secundo
1297 3856 1409 3916 citatus
1427 3874 1492 3916 non

230 3962 419 4043 comparuit.

335 4197 429 4280 Nota,
457 4197 543 4285 quod
571 4196 656 4268 teria
686 4198 791 4268 tescit
820 4206 897 4285 post
925 4203 1066 4267 octavas
1096 4195 1223 4266 Pasche
1251 4196 1386 4267 domini.

756 4344 819 4423 (18.
844 4350 968 4424 aprilis).

337 4488 443 4549 Primo
469 4488 591 4549 Henrih
610 4488 735 4549 Drobar
750 4503 859 4550 contra
882 4489 980 4550 aIIum
999 4489 1175 4550 Heancum
1199 4486 1369 4570 pellificem
1388 4489 1493 4569 primo

230 4590 352 4671 judicIo
369 4613 465 4674 super
488 4594 665 4674 vituperiis,
682 4594 909 4655 verberatione
927 4609 957 4656 et
977 4594 1204 4655 vulneracione
1220 4612 1277 4674 per
1301 4594 1493 4655 Michaelem

231 4695 332 4758 filium
366 4697 541 4776 VaIterinI,
573 4698 752 4760 Iohannem
786 4712 951 4778 sartorem,
984 4699 1029 4761 St.
1058 4713 1089 4761 et
1119 4699 1288 4761 luaninum
1321 4718 1493 4781 preconem

231 4802 451 4864 testimonium
476 4803 651 4886 producere
675 4819 810 4866 tenetur.
