3488 5250
259 395 322 456 324
627 374 827 453 Ann01363.
851 410 894 419 -
917 388 965 451 15.
985 376 1150 435 decembris.

361 587 438 649 Item
463 600 577 648 octavo
602 586 654 646 die
672 585 789 647 Paulus
813 583 953 647 frenator
973 600 1083 646 contra
1099 584 1282 667 Juthinum
1306 583 1450 666 juratum
1467 606 1523 668 per

257 691 453 754 Lucachium
486 691 697 769 senatorem,
729 691 904 752 MartInum
936 703 1076 751 sutorem
1110 703 1141 750 et
1172 689 1268 751 Feser
1300 689 1521 751 testimonium

256 818 351 881 super
375 799 541 880 vituperiis
564 797 730 879 producet.

364 904 442 966 Item
474 904 634 985 Georgius
664 903 874 965 stacionarius
906 916 1016 964 contra
1048 903 1218 965 Nicolaum
1243 901 1384 982 juratum
1417 903 1522 984 primo

257 1012 370 1073 citatus
393 1031 458 1072 non
487 1010 676 1092 comparuit.

363 1116 441 1178 Item
465 1117 591 1178 Marcus
614 1116 754 1198 Wytech
779 1116 887 1198 primo
920 1115 1033 1177 citatus
1063 1130 1172 1176 contra
1196 1114 1304 1175 Herxa
1337 1134 1404 1177 non
1436 1134 1522 1176 com·

257 1223 374 1305 paruit.

363 1327 441 1389 Item
466 1327 580 1389 Radko
605 1341 714 1388 contra
740 1326 939 1388 Lukachium
966 1326 1005 1388 ad
1023 1340 1095 1388 octo
1119 1326 1187 1387 dies
1204 1325 1379 1387 terminum
1404 1324 1524 1407 recepit

258 1433 486 1515 respondendi.

364 1538 441 1600 Item
475 1540 602 1600 Marcus
633 1538 758 1616 Zedlar,
791 1538 959 1599 Farcasius
990 1536 1079 1598 faber
1110 1552 1140 1598 et
1173 1535 1376 1598 Luchachius
1408 1536 1524 1598 Zedlar

258 1645 362 1727 primo
387 1645 473 1706 citati
499 1659 607 1706 contra
632 1644 793 1725 quendam
818 1644 901 1705 tular
926 1664 992 1706 non
1015 1656 1272 1724 comparuerunt.

365 1768 442 1829 Item
466 1768 605 1850 quedam
630 1768 746 1829 mulier
769 1767 971 1849 vagabunda,
995 1787 1057 1849 que
1082 1767 1237 1849 percussit
1259 1766 1435 1849 quamdam
1458 1787 1523 1828 ser·

260 1875 403 1935 vitricem
428 1874 528 1935 EIena
545 1889 701 1952 vocatam,
725 1874 877 1935 remansit
901 1874 932 1934 in
957 1893 1019 1935 una
1043 1893 1148 1934 marca
1172 1892 1230 1955 pro
1249 1887 1336 1955 parte
1360 1886 1391 1934 et
1415 1872 1521 1934 media

259 1999 317 2062 pro
342 1979 446 2058 judIce
470 1979 594 2041 solvere
618 1999 720 2061 usque
753 1979 949 2060 quindenas;
980 1977 1149 2040 fideiubuit
1174 1997 1232 2060 pro
1267 1998 1303 2040 ea
1328 1979 1524 2039 Laurencius

260 2085 355 2147 frater
379 2084 545 2147 Michaelis
570 2085 681 2147 Saffar.

366 2209 445 2271 Item
470 2210 580 2270 Petrus
604 2209 805 2271 Teutonicus
828 2221 916 2269 actor
941 2208 1076 2269 existens
1099 2221 1209 2269 contra
1234 2206 1397 2268 Thomam
1421 2204 1523 2266 filium

261 2316 378 2378 Cemer
401 2335 466 2376 non
492 2316 578 2376 venit
601 2334 659 2375 nec
685 2315 780 2392 misit,
805 2333 904 2394 quare
938 2314 968 2375 in
994 2313 1119 2394 judiciis
1142 2313 1269 2374 duobus
1293 2312 1455 2374 remansit.

438 2551 534 2624 FerIa
562 2563 660 2624 sexta
688 2553 842 2641 proxima
870 2561 946 2640 post
971 2552 1093 2622 festum
1121 2553 1217 2623 beate
1245 2551 1352 2622 Iucia.

761 2733 822 2796 (15.
845 2721 1020 2798 decembris).

368 2880 476 2940 PrImo
500 2899 594 2940 causa
618 2879 780 2939 Kurkonis
804 2892 914 2940 contra
930 2879 969 2940 N.
994 2879 1187 2939 Ianuensem
1211 2877 1250 2938 ad
1276 2877 1417 2958 pritnum
1442 2876 1525 2937 iudi·

263 2987 347 3047 cium
372 2985 411 3046 ad
437 3004 549 3066 pacem
574 2997 620 3045 est
644 2996 824 3065 prorogata.

369 3091 446 3152 Item
471 3110 563 3151 causa
589 3109 652 3170 que
669 3090 800 3150 vertitur
824 3090 906 3151 inter
923 3089 1059 3150 Paulum
1076 3087 1268 3151 frenatorem
1294 3103 1324 3149 et
1342 3087 1524 3169 Jurglinum

263 3197 401 3278 juratum
425 3211 471 3257 est
495 3196 534 3256 ad
558 3196 699 3277 primum
723 3195 878 3256 iudicIum
902 3196 942 3256 ad
966 3214 1077 3277 pacem
1101 3209 1281 3276 prorogata.

369 3323 446 3382 Item
471 3320 612 3381 Briccius
636 3320 740 3401 primo
771 3319 884 3380 citatus
909 3335 1017 3381 contra
1047 3319 1221 3401 Symonem
1247 3317 1428 3379 carnificem
1459 3337 1526 3380 non

264 3428 452 3509 comparuit.

369 3535 447 3594 Item
472 3533 582 3592 Petrus
607 3530 731 3593 Gochel
756 3530 860 3612 prImo
892 3531 1004 3592 citatus
1027 3543 1137 3591 contra
1161 3529 1263 3591 filium
1289 3530 1435 3591 Absurch
1459 3549 1525 3591 non

264 3639 451 3721 comparuit.

370 3744 448 3805 Item
472 3744 561 3805 Bauli
586 3756 694 3804 contra
730 3744 893 3825 quendam
918 3741 1113 3823 Ireniparum
1137 3741 1177 3802 ad
1201 3740 1342 3822 primum
1366 3739 1522 3801 iudicium

264 3851 435 3912 terminum
461 3850 580 3931 recepit
603 3848 829 3930 respondendi.

370 3976 448 4035 Item
473 3973 625 4035 NicoIaus
648 3973 732 4035 filius
760 3974 871 4035 Maren
903 3985 1011 4034 contra
1036 3972 1204 4034 Nitolaum
1238 3971 1396 4032 decanum
1421 3970 1526 4050 primo

265 4083 377 4143 citatus
401 4100 466 4141 non
495 4080 683 4159 comparuit.

371 4188 449 4248 Item
482 4186 592 4247 Petrus
624 4186 698 4246 Moz
729 4187 834 4267 primo
870 4185 983 4246 citatus
1016 4198 1124 4246 contra
1156 4183 1257 4245 filium
1290 4183 1429 4263 Mekyne
1461 4199 1526 4242 non

266 4293 454 4373 comparuit.

373 4398 448 4458 Item
474 4397 636 4458 Iohannes
659 4396 747 4458 faber
770 4410 880 4458 contra
909 4394 1133 4478 Golobycham
1158 4394 1299 4457 secundo
1324 4396 1438 4456 citatus
1461 4412 1527 4454 non

267 4505 454 4585 comparuit.

372 4608 450 4670 Item
483 4610 578 4690 Myke
610 4607 695 4670 filius
725 4608 887 4670 Valentini
919 4620 1029 4669 contra
1061 4608 1229 4668 domiuum
1262 4606 1389 4668 Mikech
1420 4605 1527 4688 primo

267 4715 381 4776 citatus
414 4735 479 4776 non
505 4716 693 4796 comparuit.
