3488 5250
273 349 330 410 172
670 331 756 389 Anno
779 328 871 407 1360.
895 365 938 374 -
961 329 1011 392 16.
1027 330 1121 409 finti.

367 541 492 605 Eodem
524 561 600 603 vero
631 541 684 604 die
720 543 787 624 ipse
823 541 1019 604 Laurencius
1049 537 1159 604 contra
1193 542 1331 604 eundem
1360 543 1438 605 Iuan
1470 565 1526 627 per

262 647 393 708 Petrum
417 646 546 709 fratrem
571 648 647 709 Jaae
672 661 702 710 et
733 647 778 710 St.
805 647 944 730 Saluych
976 647 1198 710 testimonium
1229 648 1406 730 producere
1431 649 1527 712 debet

261 773 431 835 supereo,
456 753 543 835 quod
569 755 636 836 ipse
660 753 700 815 ad
733 753 909 836 predictam
941 753 1141 815 solucionem
1168 774 1269 835 usque
1300 754 1417 817 festum
1442 757 1525 818 beati

263 859 392 921 Martini
418 858 609 921 confessoris
633 860 696 921 iam
721 859 908 942 preteritum
936 861 995 921 sub
1019 858 1118 942 dupla
1141 860 1314 942 obligatur.

368 964 446 1027 Item
460 965 655 1027 Wlkmanus
667 979 778 1027 contra
787 965 956 1027 Radenum
968 965 1109 1027 secundo
1123 965 1238 1028 citatus
1253 986 1319 1028 non
1336 967 1525 1048 comparuit.

368 1071 446 1133 Item
470 1073 692 1134 testimonium
716 1071 804 1153 quod
822 1071 934 1133 Petrus
957 1072 1074 1153 longus
1097 1071 1129 1133 in
1152 1072 1292 1153 presenti
1315 1071 1436 1153 judicio
1452 1092 1525 1155 pro-

264 1177 381 1239 ducere
406 1178 555 1258 debebat,
586 1193 716 1261 propter
748 1178 929 1240 absenciam
960 1178 1055 1238 unius
1085 1178 1173 1239 testis
1195 1177 1316 1240 scilicet
1347 1177 1526 1241 Cussilonis

265 1284 391 1362 sutoris,
416 1284 456 1346 ad
480 1285 620 1367 primum
644 1285 800 1367 judicium
823 1284 980 1346 adventus
997 1284 1066 1346 eius
1083 1283 1263 1346 Cussilonis
1285 1284 1344 1345 sub
1368 1303 1426 1345 suo
1442 1297 1525 1347 statu

261 1403 308 1451 est
333 1405 552 1472 prorogatum.

368 1495 446 1558 Item
471 1497 581 1558 Mareu
606 1510 637 1558 et
662 1498 776 1559 Marco
794 1496 950 1558 Boniolus
969 1495 1063 1577 jurati
1087 1508 1180 1557 testes
1204 1514 1260 1577 per
1285 1496 1465 1557 Marketum
1490 1496 1522 1557 in

266 1600 349 1663 facto
373 1599 574 1684 infrascripto
605 1602 753 1684 producti
784 1602 889 1664 taliter
920 1602 1090 1665 extiterunt
1122 1600 1296 1663 testificati:
1330 1602 1418 1684 quod
1444 1601 1522 1664 dum

262 1706 394 1769 domina
420 1707 542 1770 Cecilia
565 1728 656 1770 soror
678 1728 734 1770 sua
758 1706 993 1771 confessionem
1011 1727 1118 1770 coram
1141 1706 1246 1789 judice
1269 1707 1308 1768 de
1334 1707 1524 1770 vendicione

261 1812 466 1875 medietatem
500 1813 617 1876 domus
647 1833 703 1875 sue
734 1833 790 1896 per
821 1814 860 1876 N.
893 1812 1009 1875 factam
1040 1811 1174 1906 iecisset,
1206 1812 1265 1897 ipsi
1297 1833 1354 1896 per
1385 1813 1524 1894 judicem

264 1918 392 1982 dirrecti
417 1920 522 2002 ipsum
546 1934 698 2001 tanquam
723 1918 851 1982 fratrem
886 1933 918 1982 et
940 1919 1082 1981 vicinum
1113 1919 1352 2002 requisivissent
1373 1920 1399 1980 si
1424 1920 1524 2002 ipsam

264 2044 369 2087 emere
394 2026 548 2089 voluisset
571 2047 611 2088 sn
635 2047 686 2104 ne,
711 2027 765 2107 qui
785 2027 1002 2109 respondisset
1018 2027 1119 2108 ipsam
1142 2027 1225 2088 velle
1242 2046 1348 2089 emere
1364 2047 1422 2109 pro
1438 2040 1524 2090 tanta

260 2130 456 2194 florenorum
481 2133 658 2215 quantitate
674 2132 794 2194 scilicet
816 2132 875 2194 XL
895 2152 953 2214 pro
972 2147 1090 2215 quanta
1114 2133 1245 2195 vendita
1261 2131 1364 2195 iuerat
1380 2134 1419 2196 N.
1437 2147 1525 2196 ante-

262 2237 359 2315 dicto,
384 2252 415 2300 et
438 2239 480 2299 ob
504 2237 565 2300 hoc
590 2239 690 2320 ipsam
716 2239 926 2320 quantitatem
957 2237 1154 2300 florenorum
1178 2238 1271 2301 atulit
1294 2239 1326 2300 in
1351 2240 1467 2321 specie,
1493 2254 1524 2302 et

261 2342 363 2425 ipsam
387 2344 446 2405 sub
470 2344 577 2426 sigillo
602 2344 841 2407 conservationi
866 2345 941 2406 dicti
961 2344 1058 2406 Marci
1077 2344 1205 2406 Bonioli
1229 2345 1420 2407 tradidimus
1444 2365 1522 2428 quo·

261 2468 362 2531 usque
389 2448 554 2511 decidetur
577 2469 671 2512 causa
695 2450 776 2512 inter
799 2465 913 2532 partes.

366 2554 444 2617 item
470 2557 626 2618 Lubanka
649 2570 759 2618 contra
783 2575 916 2618 uxorem
939 2556 997 2619 filii
1023 2557 1152 2620 Strosak
1177 2576 1241 2619 non
1267 2559 1455 2640 comparuit.

368 2661 446 2722 Item
463 2662 627 2724 accionem
652 2682 744 2724 cause
769 2682 825 2744 per
842 2662 1020 2745 Georgium
1037 2663 1202 2746 Ztaunych
1220 2677 1328 2725 contra
1354 2665 1523 2727 Marenum

262 2780 404 2828 sutorem
429 2781 527 2845 mote,
551 2768 698 2849 quamvis
721 2768 789 2850 ipse
802 2767 961 2851 Georgius
976 2768 1163 2831 testimonio
1186 2768 1350 2851 fidedigno
1375 2789 1522 2851 compro-

261 2873 337 2933 bare
361 2874 591 2955 assumpsisset,
614 2887 721 2937 tamen
735 2874 869 2936 minime
892 2887 987 2936 testes
1002 2875 1210 2936 testacionem
1235 2895 1293 2956 pro
1318 2874 1417 2957 ipsius
1433 2889 1521 2958 parte

260 2978 363 3039 testati
397 2979 590 3058 extitissent,
623 2992 653 3042 et
684 2980 727 3042 ob
760 2979 820 3042 hoc
852 2980 956 3062 ipsum
991 2981 1212 3043 commisimus
1242 2982 1459 3044 succumbisse
1490 2984 1522 3045 in

258 3103 354 3146 causa
377 3084 534 3166 prelibata
558 3098 668 3148 contra
693 3087 861 3148 Marenum
888 3100 1101 3168 prenotatum.

365 3190 443 3252 Item
468 3192 618 3253 Marenus
642 3191 763 3272 juratus
786 3205 895 3254 contra
924 3193 963 3255 N.
981 3193 1055 3254 zirk
1080 3192 1119 3253 ad
1144 3206 1218 3255 octo
1235 3192 1304 3255 dies
1328 3195 1446 3277 recepit
1462 3208 1523 3257 ter·

260 3296 384 3357 minum
410 3295 450 3357 ad
475 3297 746 3378 respondendum.

365 3401 441 3464 ltem
466 3402 543 3464 Alsa
566 3418 676 3465 contra
700 3405 865 3486 Zugauam
889 3405 994 3486 primo
1018 3404 1111 3466 citata
1136 3423 1201 3466 non
1227 3407 1415 3487 comparuit.

366 3508 443 3569 Item
468 3508 690 3571 Kerhnachich
715 3523 825 3572 contra
849 3510 980 3571 luanam
998 3510 1102 3592 primo
1120 3510 1233 3572 citatus
1250 3529 1313 3572 non
1333 3513 1521 3594 comparuit.

366 3614 443 3674 Item
468 3615 600 3695 Zugaua
623 3629 732 3677 contra
757 3616 927 3677 luaninum
951 3616 991 3677 ad
1015 3629 1088 3677 octo
1113 3615 1181 3677 dies
1205 3616 1323 3698 recepit
1347 3618 1519 3701 terminum

259 3718 299 3780 ad
323 3719 595 3801 respondendum.

364 3826 442 3888 Item
457 3827 623 3888 Emericus
635 3826 778 3889 Kochich
793 3840 901 3889 contra
915 3828 1097 3889 Farcasium
1108 3841 1221 3890 octavo
1235 3828 1288 3890 die
1301 3827 1405 3911 jurare
1416 3829 1520 3892 debet.

285 4043 405 4116 Tereia
434 4046 519 4116 feria
546 4048 701 4134 proxima
728 4056 803 4135 post
828 4047 950 4118 festum
979 4046 1154 4118 beatorum
1183 4048 1250 4118 Viti
1280 4054 1313 4119 et
1341 4049 1482 4121 Modesti

443 4168 445 4171 ’
793 4172 985 4242 martirum.

794 4320 858 4396 (16.
876 4324 982 4399 junii).

365 4460 472 4521 Primo
497 4462 601 4523 Kursa
617 4476 726 4524 contra
744 4463 821 4523 Iuan
846 4463 981 4524 condam
1000 4483 1172 4544 preconem
1196 4465 1301 4547 primo
1318 4465 1431 4526 citatus
1454 4484 1519 4526 non

259 4567 447 4647 comparuit.

364 4672 441 4735 Item
479 4673 659 4735 Domianus
694 4673 840 4758 Chiplica
884 4694 986 4757 usque
1023 4675 1203 4756 quindenas
1236 4688 1361 4740 tenetur
1395 4677 1518 4742 solvere

259 4778 388 4862 Mathey
412 4778 437 4839 ll
461 4798 575 4861 pensas
598 4780 816 4843 denariorum.
