<?xml version="1.0" encoding="UTF-8"?>
<!DOCTYPE html PUBLIC "-//W3C//DTD XHTML 1.0 Transitional//EN"
    "http://www.w3.org/TR/xhtml1/DTD/xhtml1-transitional.dtd">
<html xmlns="http://www.w3.org/1999/xhtml" xml:lang="en" lang="en">
 <head>
  <title>
</title>
<meta http-equiv="Content-Type" content="text/html;charset=utf-8" />
  <meta name='ocr-system' content='tesseract 3.04.00' />
  <meta name='ocr-capabilities' content='ocr_page ocr_carea ocr_par ocr_line ocrx_word'/>
</head>
<body>
  <div class='ocr_page' id='page_1' title='image "./monumentahistor08laszgoog/monumentahistor08laszgoog_0170.png"; bbox 0 0 3488 5250; ppageno 0'>
   <div class='ocr_carea' id='block_1_1' title="bbox 658 348 1504 427">
    <p class='ocr_par' dir='ltr' id='par_1_1' title="bbox 658 348 1504 427">
     <span class='ocr_line' id='line_1_1' title="bbox 658 348 1504 427; baseline 0.002 -2"><span class='ocrx_word' id='word_1_1' title='bbox 658 348 745 407; x_wconf 70' lang='lat' dir='ltr'>Anno</span> <span class='ocrx_word' id='word_1_2' title='bbox 766 360 860 426; x_wconf 80' lang='lat'><em>1359·</em></span> <span class='ocrx_word' id='word_1_3' title='bbox 887 381 925 392; x_wconf 94' lang='lat'>-</span> <span class='ocrx_word' id='word_1_4' title='bbox 949 362 981 426; x_wconf 75' lang='lat'>4·</span> <span class='ocrx_word' id='word_1_5' title='bbox 997 348 1091 424; x_wconf 61' lang='lat' dir='ltr'>finii-</span> <span class='ocrx_word' id='word_1_6' title='bbox 1448 366 1504 427; x_wconf 82' lang='lat'>¹25</span> 
     </span>
    </p>
   </div>
   <div class='ocr_carea' id='block_1_2' title="bbox 242 556 1508 3700">
    <p class='ocr_par' dir='ltr' id='par_1_2' title="bbox 246 556 1507 746">
     <span class='ocr_line' id='line_1_2' title="bbox 350 556 1507 640; baseline -0.001 -22"><span class='ocrx_word' id='word_1_7' title='bbox 350 559 429 620; x_wconf 88' lang='lat' dir='ltr'>Item</span> <span class='ocrx_word' id='word_1_8' title='bbox 445 558 588 640; x_wconf 86' lang='lat' dir='ltr'>precium</span> <span class='ocrx_word' id='word_1_9' title='bbox 605 557 771 620; x_wconf 92' lang='lat' dir='ltr'>cuiusdam</span> <span class='ocrx_word' id='word_1_10' title='bbox 788 557 949 636; x_wconf 79' lang='lat' dir='ltr'>amelonis,</span> <span class='ocrx_word' id='word_1_11' title='bbox 963 557 1051 638; x_wconf 89' lang='lat' dir='ltr'>quod</span> <span class='ocrx_word' id='word_1_12' title='bbox 1065 557 1179 618; x_wconf 85' lang='lat' dir='ltr'>Jalrmo</span> <span class='ocrx_word' id='word_1_13' title='bbox 1197 556 1396 639; x_wconf 88' lang='lat' dir='ltr'>apotecarius</span> <span class='ocrx_word' id='word_1_14' title='bbox 1412 575 1507 637; x_wconf 88' lang='lat' dir='ltr'>super</span> 
     </span>
     <span class='ocr_line' id='line_1_3' title="bbox 246 662 1507 746; baseline -0.002 -20"><span class='ocrx_word' id='word_1_15' title='bbox 246 665 421 726; x_wconf 88' lang='lat' dir='ltr'>Martinum</span> <span class='ocrx_word' id='word_1_16' title='bbox 445 665 634 745; x_wconf 83' lang='lat' dir='ltr'>exequebat‚</span> <span class='ocrx_word' id='word_1_17' title='bbox 653 663 831 746; x_wconf 87' lang='lat' dir='ltr'>reperimus</span> <span class='ocrx_word' id='word_1_18' title='bbox 847 663 951 746; x_wconf 90' lang='lat' dir='ltr'>ipsum</span> <span class='ocrx_word' id='word_1_19' title='bbox 974 662 1034 724; x_wconf 88' lang='lat' dir='ltr'>sibi</span> <span class='ocrx_word' id='word_1_20' title='bbox 1054 662 1187 726; x_wconf 89' lang='lat' dir='ltr'>minime</span> <span class='ocrx_word' id='word_1_21' title='bbox 1211 662 1244 725; x_wconf 93' lang='lat' dir='ltr'>in</span> <span class='ocrx_word' id='word_1_22' title='bbox 1268 662 1378 744; x_wconf 87' lang='lat' dir='ltr'>aliquo</span> <span class='ocrx_word' id='word_1_23' title='bbox 1394 663 1507 724; x_wconf 90' lang='lat' dir='ltr'>teneri.</span> 
     </span>
    </p>

    <p class='ocr_par' dir='ltr' id='par_1_3' title="bbox 244 766 1508 956">
     <span class='ocr_line' id='line_1_4' title="bbox 352 766 1508 850; baseline -0.003 -20"><span class='ocrx_word' id='word_1_24' title='bbox 352 770 428 831; x_wconf 91' lang='lat' dir='ltr'>Item</span> <span class='ocrx_word' id='word_1_25' title='bbox 461 769 629 850; x_wconf 81' lang='lat' dir='ltr'>Draganus</span> <span class='ocrx_word' id='word_1_26' title='bbox 659 780 769 830; x_wconf 90' lang='lat' dir='ltr'>contra</span> <span class='ocrx_word' id='word_1_27' title='bbox 803 768 930 830; x_wconf 88' lang='lat' dir='ltr'>Petrum</span> <span class='ocrx_word' id='word_1_28' title='bbox 963 766 1088 830; x_wconf 82' lang='lat' dir='ltr'><strong>fabrum</strong></span> <span class='ocrx_word' id='word_1_29' title='bbox 1118 768 1159 830; x_wconf 88' lang='lat' dir='ltr'>ad</span> <span class='ocrx_word' id='word_1_30' title='bbox 1191 783 1264 830; x_wconf 90' lang='lat' dir='ltr'>octo</span> <span class='ocrx_word' id='word_1_31' title='bbox 1289 768 1357 829; x_wconf 88' lang='lat' dir='ltr'>dies</span> <span class='ocrx_word' id='word_1_32' title='bbox 1389 767 1508 849; x_wconf 89' lang='lat' dir='ltr'>recepit</span> 
     </span>
     <span class='ocr_line' id='line_1_5' title="bbox 244 872 780 956; baseline 0.002 -21"><span class='ocrx_word' id='word_1_33' title='bbox 244 874 418 936; x_wconf 87' lang='lat' dir='ltr'>terminum</span> <span class='ocrx_word' id='word_1_34' title='bbox 442 872 482 935; x_wconf 92' lang='lat' dir='ltr'>ad</span> <span class='ocrx_word' id='word_1_35' title='bbox 507 872 780 956; x_wconf 87' lang='lat' dir='ltr'>respondendum.</span> 
     </span>
    </p>

    <p class='ocr_par' dir='ltr' id='par_1_4' title="bbox 244 977 1507 1166">
     <span class='ocr_line' id='line_1_6' title="bbox 350 977 1507 1060; baseline -0.001 -20"><span class='ocrx_word' id='word_1_36' title='bbox 350 979 426 1042; x_wconf 90' lang='lat' dir='ltr'>Item</span> <span class='ocrx_word' id='word_1_37' title='bbox 453 980 529 1042; x_wconf 90' lang='lat' dir='ltr'>Iuan</span> <span class='ocrx_word' id='word_1_38' title='bbox 561 978 665 1042; x_wconf 88' lang='lat' dir='ltr'>dictus</span> <span class='ocrx_word' id='word_1_39' title='bbox 696 979 835 1042; x_wconf 87' lang='lat' dir='ltr'>Plauech</span> <span class='ocrx_word' id='word_1_40' title='bbox 868 993 898 1041; x_wconf 91' lang='lat' dir='ltr'>et</span> <span class='ocrx_word' id='word_1_41' title='bbox 921 978 1015 1041; x_wconf 87' lang='lat' dir='ltr'>Vltus</span> <span class='ocrx_word' id='word_1_42' title='bbox 1047 990 1157 1041; x_wconf 90' lang='lat' dir='ltr'>contra</span> <span class='ocrx_word' id='word_1_43' title='bbox 1191 978 1369 1040; x_wconf 85' lang='lat' dir='ltr'>Francham</span> <span class='ocrx_word' id='word_1_44' title='bbox 1401 977 1507 1060; x_wconf 92' lang='lat' dir='ltr'>primo</span> 
     </span>
     <span class='ocr_line' id='line_1_7' title="bbox 244 1085 703 1166; baseline 0 -20"><span class='ocrx_word' id='word_1_45' title='bbox 244 1085 330 1147; x_wconf 87' lang='lat' dir='ltr'>citati</span> <span class='ocrx_word' id='word_1_46' title='bbox 354 1105 420 1147; x_wconf 91' lang='lat' dir='ltr'>non</span> <span class='ocrx_word' id='word_1_47' title='bbox 444 1096 703 1166; x_wconf 89' lang='lat' dir='ltr'>comparuerunt.</span> 
     </span>
    </p>

    <p class='ocr_par' dir='ltr' id='par_1_5' title="bbox 243 1189 1506 1378">
     <span class='ocr_line' id='line_1_8' title="bbox 348 1189 1506 1272; baseline 0 -21"><span class='ocrx_word' id='word_1_48' title='bbox 348 1190 428 1252; x_wconf 91' lang='lat' dir='ltr'>Item</span> <span class='ocrx_word' id='word_1_49' title='bbox 453 1191 484 1251; x_wconf 88' lang='lat' dir='ltr'>ia</span> <span class='ocrx_word' id='word_1_50' title='bbox 509 1189 683 1272; x_wconf 86' lang='lat' dir='ltr'><strong>quindenis</strong></span> <span class='ocrx_word' id='word_1_51' title='bbox 706 1190 869 1253; x_wconf 84' lang='lat' dir='ltr'>Iohannes</span> <span class='ocrx_word' id='word_1_52' title='bbox 901 1191 1062 1252; x_wconf 87' lang='lat' dir='ltr'>Barbacus</span> <span class='ocrx_word' id='word_1_53' title='bbox 1085 1203 1212 1251; x_wconf 92' lang='lat' dir='ltr'>tenetur</span> <span class='ocrx_word' id='word_1_54' title='bbox 1244 1190 1369 1253; x_wconf 87' lang='lat' dir='ltr'>solvere</span> <span class='ocrx_word' id='word_1_55' title='bbox 1393 1189 1506 1271; x_wconf 80' lang='lat' dir='ltr'>Artuig</span> 
     </span>
     <span class='ocr_line' id='line_1_9' title="bbox 243 1294 1260 1378; baseline 0.002 -21"><span class='ocrx_word' id='word_1_56' title='bbox 243 1309 365 1378; x_wconf 82' lang='lat' dir='ltr'>septem</span> <span class='ocrx_word' id='word_1_57' title='bbox 390 1315 503 1378; x_wconf 90' lang='lat' dir='ltr'>pensas</span> <span class='ocrx_word' id='word_1_58' title='bbox 526 1315 600 1357; x_wconf 91' lang='lat' dir='ltr'>cum</span> <span class='ocrx_word' id='word_1_59' title='bbox 623 1295 729 1357; x_wconf 91' lang='lat' dir='ltr'>media</span> <span class='ocrx_word' id='word_1_60' title='bbox 746 1309 777 1357; x_wconf 91' lang='lat' dir='ltr'>et</span> <span class='ocrx_word' id='word_1_61' title='bbox 800 1295 855 1356; x_wconf 93' lang='lat' dir='ltr'>VII</span> <span class='ocrx_word' id='word_1_62' title='bbox 872 1314 946 1357; x_wconf 89' lang='lat' dir='ltr'>cum</span> <span class='ocrx_word' id='word_1_63' title='bbox 969 1294 1078 1357; x_wconf 91' lang='lat' dir='ltr'>medio</span> <span class='ocrx_word' id='word_1_64' title='bbox 1101 1294 1260 1359; x_wconf 87' lang='lat' dir='ltr'>denarios.</span> 
     </span>
    </p>

    <p class='ocr_par' dir='ltr' id='par_1_6' title="bbox 349 1401 1417 1484">
     <span class='ocr_line' id='line_1_10' title="bbox 349 1401 1417 1484; baseline 0.001 -21"><span class='ocrx_word' id='word_1_65' title='bbox 349 1403 426 1465; x_wconf 86' lang='lat' dir='ltr'>Item</span> <span class='ocrx_word' id='word_1_66' title='bbox 450 1401 554 1464; x_wconf 87' lang='lat' dir='ltr'>Budia</span> <span class='ocrx_word' id='word_1_67' title='bbox 583 1413 692 1464; x_wconf 89' lang='lat' dir='ltr'>contra</span> <span class='ocrx_word' id='word_1_68' title='bbox 717 1402 861 1463; x_wconf 88' lang='lat' dir='ltr'>Blasium</span> <span class='ocrx_word' id='word_1_69' title='bbox 889 1402 995 1484; x_wconf 90' lang='lat' dir='ltr'>primo</span> <span class='ocrx_word' id='word_1_70' title='bbox 1019 1401 1112 1463; x_wconf 87' lang='lat' dir='ltr'>citata</span> <span class='ocrx_word' id='word_1_71' title='bbox 1137 1421 1201 1462; x_wconf 91' lang='lat' dir='ltr'>uon</span> <span class='ocrx_word' id='word_1_72' title='bbox 1228 1401 1417 1484; x_wconf 86' lang='lat' dir='ltr'>comparuit.</span> 
     </span>
    </p>

    <p class='ocr_par' dir='ltr' id='par_1_7' title="bbox 243 1506 1505 1696">
     <span class='ocr_line' id='line_1_11' title="bbox 352 1506 1505 1589; baseline -0.001 -19"><span class='ocrx_word' id='word_1_73' title='bbox 352 1509 428 1570; x_wconf 91' lang='lat' dir='ltr'>Item</span> <span class='ocrx_word' id='word_1_74' title='bbox 453 1528 546 1570; x_wconf 87' lang='lat' dir='ltr'>causa</span> <span class='ocrx_word' id='word_1_75' title='bbox 570 1526 633 1589; x_wconf 91' lang='lat' dir='ltr'>que</span> <span class='ocrx_word' id='word_1_76' title='bbox 657 1507 790 1569; x_wconf 87' lang='lat' dir='ltr'>vertitur</span> <span class='ocrx_word' id='word_1_77' title='bbox 814 1507 896 1569; x_wconf 92' lang='lat' dir='ltr'>inter</span> <span class='ocrx_word' id='word_1_78' title='bbox 919 1507 1091 1569; x_wconf 75' lang='lat' dir='ltr'><strong>Nicolaum</strong></span> <span class='ocrx_word' id='word_1_79' title='bbox 1119 1521 1151 1569; x_wconf 92' lang='lat' dir='ltr'>et</span> <span class='ocrx_word' id='word_1_80' title='bbox 1174 1507 1309 1570; x_wconf 86' lang='lat' dir='ltr'>Paulum</span> <span class='ocrx_word' id='word_1_81' title='bbox 1335 1506 1443 1570; x_wconf 77' lang='lat' dir='ltr'>fabros</span> <span class='ocrx_word' id='word_1_82' title='bbox 1465 1508 1505 1570; x_wconf 92' lang='lat' dir='ltr'>ad</span> 
     </span>
     <span class='ocr_line' id='line_1_12' title="bbox 243 1613 883 1696; baseline 0 -20"><span class='ocrx_word' id='word_1_83' title='bbox 243 1627 317 1676; x_wconf 91' lang='lat' dir='ltr'>octo</span> <span class='ocrx_word' id='word_1_84' title='bbox 341 1613 410 1676; x_wconf 89' lang='lat' dir='ltr'>dies</span> <span class='ocrx_word' id='word_1_85' title='bbox 434 1614 473 1675; x_wconf 92' lang='lat' dir='ltr'>ad</span> <span class='ocrx_word' id='word_1_86' title='bbox 497 1632 608 1695; x_wconf 80' lang='lat' dir='ltr'>pacem</span> <span class='ocrx_word' id='word_1_87' title='bbox 633 1626 680 1674; x_wconf 87' lang='lat' dir='ltr'>est</span> <span class='ocrx_word' id='word_1_88' title='bbox 702 1627 883 1696; x_wconf 81' lang='lat' dir='ltr'>prorogata.</span> 
     </span>
    </p>

    <p class='ocr_par' dir='ltr' id='par_1_8' title="bbox 244 1716 1506 1888">
     <span class='ocr_line' id='line_1_13' title="bbox 349 1716 1506 1801; baseline -0.002 -20"><span class='ocrx_word' id='word_1_89' title='bbox 349 1720 427 1782; x_wconf 90' lang='lat' dir='ltr'>Item</span> <span class='ocrx_word' id='word_1_90' title='bbox 451 1731 565 1782; x_wconf 86' lang='lat' dir='ltr'>octavo</span> <span class='ocrx_word' id='word_1_91' title='bbox 582 1717 633 1781; x_wconf 91' lang='lat' dir='ltr'>die</span> <span class='ocrx_word' id='word_1_92' title='bbox 652 1719 807 1780; x_wconf 88' lang='lat' dir='ltr'>Martinus</span> <span class='ocrx_word' id='word_1_93' title='bbox 824 1718 993 1801; x_wconf 85' lang='lat' dir='ltr'>Denketyn</span> <span class='ocrx_word' id='word_1_94' title='bbox 1010 1718 1125 1780; x_wconf 85' lang='lat' dir='ltr'>LXXII</span> <span class='ocrx_word' id='word_1_95' title='bbox 1142 1716 1291 1780; x_wconf 87' lang='lat' dir='ltr'>denarios</span> <span class='ocrx_word' id='word_1_96' title='bbox 1315 1718 1381 1779; x_wconf 89' lang='lat' dir='ltr'>Iuri</span> <span class='ocrx_word' id='word_1_97' title='bbox 1405 1718 1506 1779; x_wconf 88' lang='lat' dir='ltr'>sutori</span> 
     </span>
     <span class='ocr_line' id='line_1_14' title="bbox 244 1826 527 1888; baseline 0 -1"><span class='ocrx_word' id='word_1_98' title='bbox 244 1826 369 1888; x_wconf 89' lang='lat' dir='ltr'>solvere</span> <span class='ocrx_word' id='word_1_99' title='bbox 392 1839 527 1887; x_wconf 90' lang='lat' dir='ltr'>tenetur.</span> 
     </span>
    </p>

    <p class='ocr_par' dir='ltr' id='par_1_9' title="bbox 245 1928 1506 2119">
     <span class='ocr_line' id='line_1_15' title="bbox 349 1928 1506 2013; baseline -0.003 -20"><span class='ocrx_word' id='word_1_100' title='bbox 349 1932 425 1993; x_wconf 92' lang='lat' dir='ltr'>Item</span> <span class='ocrx_word' id='word_1_101' title='bbox 451 1932 618 1993; x_wconf 87' lang='lat' dir='ltr'>Mortoaos</span> <span class='ocrx_word' id='word_1_102' title='bbox 634 1931 763 2013; x_wconf 86' lang='lat' dir='ltr'>seIIipar</span> <span class='ocrx_word' id='word_1_103' title='bbox 787 1942 818 1992; x_wconf 90' lang='lat' dir='ltr'>et</span> <span class='ocrx_word' id='word_1_104' title='bbox 835 1929 988 1992; x_wconf 88' lang='lat' dir='ltr'>Nicolaus</span> <span class='ocrx_word' id='word_1_105' title='bbox 1013 1930 1116 2011; x_wconf 80' lang='lat' dir='ltr'>Bolog</span> <span class='ocrx_word' id='word_1_106' title='bbox 1134 1943 1243 1990; x_wconf 88' lang='lat' dir='ltr'>contra</span> <span class='ocrx_word' id='word_1_107' title='bbox 1269 1928 1384 2011; x_wconf 83' lang='lat' dir='ltr'>Artuig</span> <span class='ocrx_word' id='word_1_108' title='bbox 1400 1930 1506 2011; x_wconf 92' lang='lat' dir='ltr'>primo</span> 
     </span>
     <span class='ocr_line' id='line_1_16' title="bbox 245 2036 695 2119; baseline 0 -21"><span class='ocrx_word' id='word_1_109' title='bbox 245 2036 331 2098; x_wconf 92' lang='lat' dir='ltr'>citati</span> <span class='ocrx_word' id='word_1_110' title='bbox 352 2056 417 2098; x_wconf 90' lang='lat' dir='ltr'>non</span> <span class='ocrx_word' id='word_1_111' title='bbox 439 2050 695 2119; x_wconf 87' lang='lat' dir='ltr'>comparuerunt.</span> 
     </span>
    </p>

    <p class='ocr_par' dir='ltr' id='par_1_10' title="bbox 244 2139 1505 2328">
     <span class='ocr_line' id='line_1_17' title="bbox 349 2139 1505 2222; baseline -0.001 -19"><span class='ocrx_word' id='word_1_112' title='bbox 349 2142 426 2204; x_wconf 91' lang='lat' dir='ltr'>Item</span> <span class='ocrx_word' id='word_1_113' title='bbox 451 2156 565 2204; x_wconf 86' lang='lat' dir='ltr'>octavo</span> <span class='ocrx_word' id='word_1_114' title='bbox 597 2141 649 2203; x_wconf 90' lang='lat' dir='ltr'>die</span> <span class='ocrx_word' id='word_1_115' title='bbox 679 2143 777 2203; x_wconf 89' lang='lat' dir='ltr'>Junas</span> <span class='ocrx_word' id='word_1_116' title='bbox 800 2141 859 2204; x_wconf 91' lang='lat' dir='ltr'>tria</span> <span class='ocrx_word' id='word_1_117' title='bbox 883 2140 1019 2203; x_wconf 88' lang='lat' dir='ltr'>monilia</span> <span class='ocrx_word' id='word_1_118' title='bbox 1050 2153 1159 2202; x_wconf 87' lang='lat' dir='ltr'>contra</span> <span class='ocrx_word' id='word_1_119' title='bbox 1183 2139 1305 2202; x_wconf 88' lang='lat' dir='ltr'>Cusam</span> <span class='ocrx_word' id='word_1_120' title='bbox 1328 2140 1361 2202; x_wconf 89' lang='lat' dir='ltr'>ia</span> <span class='ocrx_word' id='word_1_121' title='bbox 1385 2139 1505 2222; x_wconf 84' lang='lat' dir='ltr'>judicio</span> 
     </span>
     <span class='ocr_line' id='line_1_18' title="bbox 244 2245 1319 2328; baseline 0 -20"><span class='ocrx_word' id='word_1_122' title='bbox 244 2246 340 2309; x_wconf 91' lang='lat' dir='ltr'>debet</span> <span class='ocrx_word' id='word_1_123' title='bbox 362 2260 499 2310; x_wconf 80' lang='lat' dir='ltr'>statuere</span> <span class='ocrx_word' id='word_1_124' title='bbox 523 2259 555 2310; x_wconf 95' lang='lat' dir='ltr'>et</span> <span class='ocrx_word' id='word_1_125' title='bbox 578 2247 689 2309; x_wconf 87' lang='lat' dir='ltr'>Petrus</span> <span class='ocrx_word' id='word_1_126' title='bbox 714 2247 789 2309; x_wconf 87' lang='lat' dir='ltr'>Jaxe</span> <span class='ocrx_word' id='word_1_127' title='bbox 813 2247 854 2307; x_wconf 90' lang='lat' dir='ltr'>ad</span> <span class='ocrx_word' id='word_1_128' title='bbox 877 2245 1098 2308; x_wconf 86' lang='lat' dir='ltr'>testimonium</span> <span class='ocrx_word' id='word_1_129' title='bbox 1123 2264 1319 2328; x_wconf 90' lang='lat' dir='ltr'>comparere.</span> 
     </span>
    </p>

    <p class='ocr_par' dir='ltr' id='par_1_11' title="bbox 243 2347 1506 2751">
     <span class='ocr_line' id='line_1_19' title="bbox 350 2347 1506 2434; baseline -0.003 -19"><span class='ocrx_word' id='word_1_130' title='bbox 350 2354 426 2415; x_wconf 92' lang='lat' dir='ltr'>Item</span> <span class='ocrx_word' id='word_1_131' title='bbox 451 2367 566 2415; x_wconf 92' lang='lat' dir='ltr'>octavo</span> <span class='ocrx_word' id='word_1_132' title='bbox 597 2351 650 2414; x_wconf 91' lang='lat' dir='ltr'>die</span> <span class='ocrx_word' id='word_1_133' title='bbox 675 2352 715 2416; x_wconf 86' lang='lat' dir='ltr'>G.</span> <span class='ocrx_word' id='word_1_134' title='bbox 747 2351 828 2413; x_wconf 85' lang='lat' dir='ltr'>Zuilr</span> <span class='ocrx_word' id='word_1_135' title='bbox 860 2365 969 2414; x_wconf 87' lang='lat' dir='ltr'>contra</span> <span class='ocrx_word' id='word_1_136' title='bbox 993 2351 1070 2412; x_wconf 89' lang='lat' dir='ltr'>Iuan</span> <span class='ocrx_word' id='word_1_137' title='bbox 1103 2370 1159 2434; x_wconf 94' lang='lat' dir='ltr'>per</span> <span class='ocrx_word' id='word_1_138' title='bbox 1182 2347 1290 2412; x_wconf 85' lang='lat' dir='ltr'>Petres</span> <span class='ocrx_word' id='word_1_139' title='bbox 1313 2349 1506 2432; x_wconf 84' lang='lat' dir='ltr'>carnificem,</span> 
     </span>
     <span class='ocr_line' id='line_1_20' title="bbox 244 2456 1505 2540; baseline -0.002 -20"><span class='ocrx_word' id='word_1_140' title='bbox 244 2458 420 2540; x_wconf 81' lang='lat' dir='ltr'>Georgium</span> <span class='ocrx_word' id='word_1_141' title='bbox 445 2459 620 2520; x_wconf 92' lang='lat' dir='ltr'>litteratum</span> <span class='ocrx_word' id='word_1_142' title='bbox 643 2471 674 2520; x_wconf 94' lang='lat' dir='ltr'>et</span> <span class='ocrx_word' id='word_1_143' title='bbox 691 2456 819 2520; x_wconf 83' lang='lat' dir='ltr'>fratrem</span> <span class='ocrx_word' id='word_1_144' title='bbox 838 2457 1077 2518; x_wconf 86' lang='lat' dir='ltr'>Hermankonis</span> <span class='ocrx_word' id='word_1_145' title='bbox 1091 2456 1311 2519; x_wconf 92' lang='lat' dir='ltr'>testimonium</span> <span class='ocrx_word' id='word_1_146' title='bbox 1328 2456 1505 2538; x_wconf 90' lang='lat' dir='ltr'>producere</span> 
     </span>
     <span class='ocr_line' id='line_1_21' title="bbox 244 2561 1504 2646; baseline -0.002 -21"><span class='ocrx_word' id='word_1_147' title='bbox 244 2563 339 2626; x_wconf 91' lang='lat' dir='ltr'>debet</span> <span class='ocrx_word' id='word_1_148' title='bbox 362 2573 457 2646; x_wconf 90' lang='lat' dir='ltr'>super</span> <span class='ocrx_word' id='word_1_149' title='bbox 482 2583 532 2640; x_wconf 87' lang='lat' dir='ltr'>eo,</span> <span class='ocrx_word' id='word_1_150' title='bbox 548 2562 636 2645; x_wconf 90' lang='lat' dir='ltr'>quod</span> <span class='ocrx_word' id='word_1_151' title='bbox 655 2563 721 2645; x_wconf 91' lang='lat' dir='ltr'>ipse</span> <span class='ocrx_word' id='word_1_152' title='bbox 746 2564 823 2624; x_wconf 89' lang='lat' dir='ltr'>Iuan</span> <span class='ocrx_word' id='word_1_153' title='bbox 847 2561 886 2623; x_wconf 97' lang='lat' dir='ltr'>lII</span> <span class='ocrx_word' id='word_1_154' title='bbox 903 2561 972 2624; x_wconf 91' lang='lat' dir='ltr'>flor.</span> <span class='ocrx_word' id='word_1_155' title='bbox 997 2561 1056 2622; x_wconf 90' lang='lat' dir='ltr'>sibi</span> <span class='ocrx_word' id='word_1_156' title='bbox 1081 2582 1139 2644; x_wconf 94' lang='lat' dir='ltr'>pro</span> <span class='ocrx_word' id='word_1_157' title='bbox 1156 2581 1195 2623; x_wconf 93' lang='lat' dir='ltr'>eo</span> <span class='ocrx_word' id='word_1_158' title='bbox 1218 2561 1400 2640; x_wconf 72' lang='lat' dir='ltr'>dimisisset,</span> <span class='ocrx_word' id='word_1_159' title='bbox 1417 2561 1504 2643; x_wconf 94' lang='lat' dir='ltr'>quod</span> 
     </span>
     <span class='ocr_line' id='line_1_22' title="bbox 243 2668 1265 2751; baseline -0.002 -20"><span class='ocrx_word' id='word_1_160' title='bbox 243 2682 377 2731; x_wconf 87' lang='lat' dir='ltr'>mortem</span> <span class='ocrx_word' id='word_1_161' title='bbox 403 2670 512 2731; x_wconf 90' lang='lat' dir='ltr'>Iacobi</span> <span class='ocrx_word' id='word_1_162' title='bbox 539 2668 643 2731; x_wconf 87' lang='lat' dir='ltr'>fratris</span> <span class='ocrx_word' id='word_1_163' title='bbox 665 2668 713 2730; x_wconf 88' lang='lat' dir='ltr'>aui</span> <span class='ocrx_word' id='word_1_164' title='bbox 738 2687 833 2749; x_wconf 88' lang='lat' dir='ltr'>super</span> <span class='ocrx_word' id='word_1_165' title='bbox 856 2688 930 2728; x_wconf 92' lang='lat' dir='ltr'>eum</span> <span class='ocrx_word' id='word_1_166' title='bbox 954 2686 1020 2728; x_wconf 92' lang='lat' dir='ltr'>non</span> <span class='ocrx_word' id='word_1_167' title='bbox 1044 2681 1265 2751; x_wconf 88' lang='lat' dir='ltr'>exequeretur.</span> 
     </span>
    </p>

    <p class='ocr_par' dir='ltr' id='par_1_12' title="bbox 245 2773 1504 2961">
     <span class='ocr_line' id='line_1_23' title="bbox 348 2773 1504 2855; baseline -0.003 -20"><span class='ocrx_word' id='word_1_168' title='bbox 348 2775 426 2835; x_wconf 90' lang='lat' dir='ltr'>Item</span> <span class='ocrx_word' id='word_1_169' title='bbox 462 2794 543 2835; x_wconf 84' lang='lat' dir='ltr'>uxor</span> <span class='ocrx_word' id='word_1_170' title='bbox 576 2774 680 2835; x_wconf 87' lang='lat' dir='ltr'>Pouse</span> <span class='ocrx_word' id='word_1_171' title='bbox 716 2786 824 2835; x_wconf 88' lang='lat' dir='ltr'>contra</span> <span class='ocrx_word' id='word_1_172' title='bbox 856 2773 1001 2835; x_wconf 87' lang='lat' dir='ltr'>relictam</span> <span class='ocrx_word' id='word_1_173' title='bbox 1034 2773 1144 2835; x_wconf 88' lang='lat' dir='ltr'>Jacobi</span> <span class='ocrx_word' id='word_1_174' title='bbox 1176 2773 1280 2855; x_wconf 91' lang='lat' dir='ltr'>primo</span> <span class='ocrx_word' id='word_1_175' title='bbox 1311 2773 1404 2834; x_wconf 88' lang='lat' dir='ltr'>citata</span> <span class='ocrx_word' id='word_1_176' title='bbox 1439 2791 1504 2833; x_wconf 89' lang='lat' dir='ltr'>non</span> 
     </span>
     <span class='ocr_line' id='line_1_24' title="bbox 245 2875 989 2961; baseline -0.007 -20"><span class='ocrx_word' id='word_1_177' title='bbox 245 2880 433 2961; x_wconf 90' lang='lat' dir='ltr'>comparuit.</span> <span class='ocrx_word' id='word_1_178' title='bbox 982 2875 989 2890; x_wconf 75' lang='lat'>⁸</span> 
     </span>
    </p>

    <p class='ocr_par' dir='ltr' id='par_1_13' title="bbox 347 2983 1413 3067">
     <span class='ocr_line' id='line_1_25' title="bbox 347 2983 1413 3067; baseline 0 -22"><span class='ocrx_word' id='word_1_179' title='bbox 347 2985 425 3046; x_wconf 90' lang='lat' dir='ltr'>Item</span> <span class='ocrx_word' id='word_1_180' title='bbox 449 2986 566 3067; x_wconf 86' lang='lat' dir='ltr'>Braysa</span> <span class='ocrx_word' id='word_1_181' title='bbox 591 2998 700 3046; x_wconf 91' lang='lat' dir='ltr'>contra</span> <span class='ocrx_word' id='word_1_182' title='bbox 726 2984 853 3046; x_wconf 87' lang='lat' dir='ltr'>Petrum</span> <span class='ocrx_word' id='word_1_183' title='bbox 879 2985 984 3067; x_wconf 92' lang='lat' dir='ltr'>primo</span> <span class='ocrx_word' id='word_1_184' title='bbox 1015 2984 1110 3046; x_wconf 87' lang='lat' dir='ltr'>citata</span> <span class='ocrx_word' id='word_1_185' title='bbox 1135 3004 1199 3045; x_wconf 89' lang='lat' dir='ltr'>non</span> <span class='ocrx_word' id='word_1_186' title='bbox 1224 2983 1413 3066; x_wconf 88' lang='lat' dir='ltr'>comparuit.</span> 
     </span>
    </p>

    <p class='ocr_par' dir='ltr' id='par_1_14' title="bbox 242 3089 1504 3279">
     <span class='ocr_line' id='line_1_26' title="bbox 347 3089 1504 3171; baseline -0.001 -21"><span class='ocrx_word' id='word_1_187' title='bbox 347 3090 425 3152; x_wconf 91' lang='lat' dir='ltr'>Item</span> <span class='ocrx_word' id='word_1_188' title='bbox 465 3091 504 3152; x_wconf 92' lang='lat' dir='ltr'>N.</span> <span class='ocrx_word' id='word_1_189' title='bbox 544 3091 690 3152; x_wconf 88' lang='lat' dir='ltr'>Todcam</span> <span class='ocrx_word' id='word_1_190' title='bbox 731 3104 840 3152; x_wconf 89' lang='lat' dir='ltr'>contra</span> <span class='ocrx_word' id='word_1_191' title='bbox 873 3089 1107 3170; x_wconf 83' lang='lat' dir='ltr'>Margaretham</span> <span class='ocrx_word' id='word_1_192' title='bbox 1145 3090 1250 3171; x_wconf 91' lang='lat' dir='ltr'>primo</span> <span class='ocrx_word' id='word_1_193' title='bbox 1289 3089 1401 3150; x_wconf 86' lang='lat' dir='ltr'>citatus</span> <span class='ocrx_word' id='word_1_194' title='bbox 1440 3107 1504 3149; x_wconf 89' lang='lat' dir='ltr'>non</span> 
     </span>
     <span class='ocr_line' id='line_1_27' title="bbox 242 3187 569 3279; baseline -0.003 -20"><span class='ocrx_word' id='word_1_195' title='bbox 242 3197 430 3279; x_wconf 89' lang='lat' dir='ltr'>comparuit.</span> <span class='ocrx_word' id='word_1_196' title='bbox 562 3187 569 3204; x_wconf 87' lang='lat'><em>&#39;</em></span> 
     </span>
    </p>

    <p class='ocr_par' dir='ltr' id='par_1_15' title="bbox 242 3300 1503 3490">
     <span class='ocr_line' id='line_1_28' title="bbox 347 3300 1503 3385; baseline -0.002 -23"><span class='ocrx_word' id='word_1_197' title='bbox 347 3302 425 3365; x_wconf 91' lang='lat' dir='ltr'>Item</span> <span class='ocrx_word' id='word_1_198' title='bbox 458 3303 554 3385; x_wconf 86' lang='lat' dir='ltr'>Myke</span> <span class='ocrx_word' id='word_1_199' title='bbox 586 3302 745 3364; x_wconf 92' lang='lat' dir='ltr'>balniator</span> <span class='ocrx_word' id='word_1_200' title='bbox 776 3315 885 3363; x_wconf 87' lang='lat' dir='ltr'>contra</span> <span class='ocrx_word' id='word_1_201' title='bbox 918 3302 1089 3363; x_wconf 88' lang='lat' dir='ltr'>Petronam</span> <span class='ocrx_word' id='word_1_202' title='bbox 1118 3300 1261 3362; x_wconf 87' lang='lat' dir='ltr'>secundo</span> <span class='ocrx_word' id='word_1_203' title='bbox 1292 3300 1405 3362; x_wconf 88' lang='lat' dir='ltr'>citatus</span> <span class='ocrx_word' id='word_1_204' title='bbox 1439 3318 1503 3361; x_wconf 90' lang='lat' dir='ltr'>oon</span> 
     </span>
     <span class='ocr_line' id='line_1_29' title="bbox 242 3408 431 3490; baseline 0.005 -21"><span class='ocrx_word' id='word_1_205' title='bbox 242 3408 431 3490; x_wconf 90' lang='lat' dir='ltr'>comparuit.</span> 
     </span>
    </p>

    <p class='ocr_par' dir='ltr' id='par_1_16' title="bbox 242 3509 1505 3700">
     <span class='ocr_line' id='line_1_30' title="bbox 348 3509 1505 3574; baseline -0.003 0"><span class='ocrx_word' id='word_1_206' title='bbox 348 3512 424 3574; x_wconf 92' lang='lat' dir='ltr'>Item</span> <span class='ocrx_word' id='word_1_207' title='bbox 457 3513 532 3574; x_wconf 91' lang='lat' dir='ltr'>Iuan</span> <span class='ocrx_word' id='word_1_208' title='bbox 567 3511 705 3573; x_wconf 89' lang='lat' dir='ltr'>Plauech</span> <span class='ocrx_word' id='word_1_209' title='bbox 738 3525 848 3573; x_wconf 90' lang='lat' dir='ltr'>contra</span> <span class='ocrx_word' id='word_1_210' title='bbox 882 3513 926 3574; x_wconf 91' lang='lat' dir='ltr'>St.</span> <span class='ocrx_word' id='word_1_211' title='bbox 958 3511 1186 3574; x_wconf 81' lang='lat' dir='ltr'>eraclonarium</span> <span class='ocrx_word' id='word_1_212' title='bbox 1218 3509 1360 3571; x_wconf 90' lang='lat' dir='ltr'>secundo</span> <span class='ocrx_word' id='word_1_213' title='bbox 1392 3510 1505 3570; x_wconf 86' lang='lat' dir='ltr'>citatus</span> 
     </span>
     <span class='ocr_line' id='line_1_31' title="bbox 242 3618 521 3700; baseline -0.004 -21"><span class='ocrx_word' id='word_1_214' title='bbox 242 3637 307 3679; x_wconf 91' lang='lat' dir='ltr'>non</span> <span class='ocrx_word' id='word_1_215' title='bbox 333 3618 521 3700; x_wconf 84' lang='lat' dir='ltr'>comparuit.</span> 
     </span>
    </p>
   </div>
   <div class='ocr_carea' id='block_1_3' title="bbox 296 3816 1464 4048">
    <p class='ocr_par' dir='ltr' id='par_1_17' title="bbox 296 3816 1464 4048">
     <span class='ocr_line' id='line_1_32' title="bbox 296 3816 1464 3908; baseline -0.004 -16"><span class='ocrx_word' id='word_1_216' title='bbox 296 3820 391 3904; x_wconf 82' lang='lat' dir='ltr'>Nota,</span> <span class='ocrx_word' id='word_1_217' title='bbox 420 3819 505 3908; x_wconf 85' lang='lat' dir='ltr'>quod</span> <span class='ocrx_word' id='word_1_218' title='bbox 535 3819 620 3891; x_wconf 88' lang='lat' dir='ltr'>leria</span> <span class='ocrx_word' id='word_1_219' title='bbox 649 3821 756 3892; x_wconf 88' lang='lat' dir='ltr'>tercia</span> <span class='ocrx_word' id='word_1_220' title='bbox 775 3821 929 3908; x_wconf 87' lang='lat' dir='ltr'>proxima</span> <span class='ocrx_word' id='word_1_221' title='bbox 956 3827 1035 3890; x_wconf 88' lang='lat' dir='ltr'>ante</span> <span class='ocrx_word' id='word_1_222' title='bbox 1062 3818 1184 3889; x_wconf 84' lang='lat' dir='ltr'>sestam</span> <span class='ocrx_word' id='word_1_223' title='bbox 1212 3816 1464 3889; x_wconf 84' lang='lat' dir='ltr'>Pentbelrostes.</span> 
     </span>
     <span class='ocr_line' id='line_1_33' title="bbox 790 3969 962 4048; baseline 0.017 -21"><span class='ocrx_word' id='word_1_224' title='bbox 790 3973 836 4048; x_wconf 77' lang='lat'>(4.</span> <span class='ocrx_word' id='word_1_225' title='bbox 853 3969 962 4046; x_wconf 85' lang='lat' dir='ltr'>junii).</span> 
     </span>
    </p>
   </div>
   <div class='ocr_carea' id='block_1_4' title="bbox 242 4123 1503 4842">
    <p class='ocr_par' dir='ltr' id='par_1_18' title="bbox 243 4123 1503 4526">
     <span class='ocr_line' id='line_1_34' title="bbox 348 4123 1503 4209; baseline -0.003 -19"><span class='ocrx_word' id='word_1_226' title='bbox 348 4129 426 4190; x_wconf 90' lang='lat' dir='ltr'>Item</span> <span class='ocrx_word' id='word_1_227' title='bbox 450 4128 670 4190; x_wconf 82' lang='lat' dir='ltr'>commisImus</span> <span class='ocrx_word' id='word_1_228' title='bbox 694 4126 782 4209; x_wconf 93' lang='lat' dir='ltr'>quod</span> <span class='ocrx_word' id='word_1_229' title='bbox 807 4139 921 4189; x_wconf 91' lang='lat' dir='ltr'>octavo</span> <span class='ocrx_word' id='word_1_230' title='bbox 945 4127 997 4188; x_wconf 89' lang='lat' dir='ltr'>die</span> <span class='ocrx_word' id='word_1_231' title='bbox 1022 4126 1153 4187; x_wconf 82' lang='lat' dir='ltr'>domIoa</span> <span class='ocrx_word' id='word_1_232' title='bbox 1179 4123 1378 4206; x_wconf 82' lang='lat' dir='ltr'>Margaretha</span> <span class='ocrx_word' id='word_1_233' title='bbox 1395 4124 1503 4187; x_wconf 89' lang='lat' dir='ltr'>relicta</span> 
     </span>
     <span class='ocr_line' id='line_1_35' title="bbox 244 4229 1503 4318; baseline -0.006 -21"><span class='ocrx_word' id='word_1_234' title='bbox 244 4234 385 4318; x_wconf 82' lang='lat' dir='ltr'>GyanIni</span> <span class='ocrx_word' id='word_1_235' title='bbox 410 4234 527 4314; x_wconf 78' lang='lat' dir='ltr'>jurabit</span> <span class='ocrx_word' id='word_1_236' title='bbox 550 4249 659 4296; x_wconf 85' lang='lat' dir='ltr'>contra</span> <span class='ocrx_word' id='word_1_237' title='bbox 683 4233 830 4294; x_wconf 90' lang='lat' dir='ltr'>Todcam</span> <span class='ocrx_word' id='word_1_238' title='bbox 862 4232 1032 4293; x_wconf 89' lang='lat' dir='ltr'>Nicolaum</span> <span class='ocrx_word' id='word_1_239' title='bbox 1065 4245 1096 4293; x_wconf 91' lang='lat' dir='ltr'>et</span> <span class='ocrx_word' id='word_1_240' title='bbox 1120 4229 1309 4291; x_wconf 85' lang='lat' dir='ltr'>WIlrotham</span> <span class='ocrx_word' id='word_1_241' title='bbox 1335 4249 1429 4311; x_wconf 90' lang='lat' dir='ltr'>super</span> <span class='ocrx_word' id='word_1_242' title='bbox 1453 4248 1503 4305; x_wconf 87' lang='lat' dir='ltr'>eo,</span> 
     </span>
     <span class='ocr_line' id='line_1_36' title="bbox 243 4334 1502 4423; baseline -0.007 -21"><span class='ocrx_word' id='word_1_243' title='bbox 243 4340 331 4422; x_wconf 94' lang='lat' dir='ltr'>quod</span> <span class='ocrx_word' id='word_1_244' title='bbox 356 4360 413 4423; x_wconf 94' lang='lat' dir='ltr'>pro</span> <span class='ocrx_word' id='word_1_245' title='bbox 445 4360 484 4402; x_wconf 94' lang='lat' dir='ltr'>eo</span> <span class='ocrx_word' id='word_1_246' title='bbox 516 4358 656 4401; x_wconf 85' lang='lat' dir='ltr'>cameras</span> <span class='ocrx_word' id='word_1_247' title='bbox 687 4339 828 4421; x_wconf 90' lang='lat' dir='ltr'>ipsorum</span> <span class='ocrx_word' id='word_1_248' title='bbox 859 4337 1033 4416; x_wconf 79' lang='lat' dir='ltr'>clausisset,</span> <span class='ocrx_word' id='word_1_249' title='bbox 1064 4336 1139 4418; x_wconf 89' lang='lat' dir='ltr'>quia</span> <span class='ocrx_word' id='word_1_250' title='bbox 1172 4335 1269 4397; x_wconf 90' lang='lat' dir='ltr'>iidem</span> <span class='ocrx_word' id='word_1_251' title='bbox 1302 4334 1422 4415; x_wconf 85' lang='lat' dir='ltr'>absque</span> <span class='ocrx_word' id='word_1_252' title='bbox 1446 4354 1502 4395; x_wconf 90' lang='lat' dir='ltr'>sua</span> 
     </span>
     <span class='ocr_line' id='line_1_37' title="bbox 244 4439 1457 4526; baseline -0.007 -19"><span class='ocrx_word' id='word_1_253' title='bbox 244 4447 376 4508; x_wconf 90' lang='lat' dir='ltr'>licencia</span> <span class='ocrx_word' id='word_1_254' title='bbox 401 4459 431 4507; x_wconf 91' lang='lat' dir='ltr'>et</span> <span class='ocrx_word' id='word_1_255' title='bbox 455 4465 520 4507; x_wconf 90' lang='lat' dir='ltr'>non</span> <span class='ocrx_word' id='word_1_256' title='bbox 544 4445 708 4526; x_wconf 92' lang='lat' dir='ltr'>persoluto</span> <span class='ocrx_word' id='word_1_257' title='bbox 732 4463 827 4505; x_wconf 90' lang='lat' dir='ltr'>censu</span> <span class='ocrx_word' id='word_1_258' title='bbox 845 4463 878 4504; x_wconf 94' lang='lat' dir='ltr'>se</span> <span class='ocrx_word' id='word_1_259' title='bbox 902 4441 1069 4504; x_wconf 84' lang='lat' dir='ltr'>transferre</span> <span class='ocrx_word' id='word_1_260' title='bbox 1094 4442 1246 4503; x_wconf 89' lang='lat' dir='ltr'>volebant</span> <span class='ocrx_word' id='word_1_261' title='bbox 1271 4440 1309 4500; x_wconf 89' lang='lat' dir='ltr'>de</span> <span class='ocrx_word' id='word_1_262' title='bbox 1334 4439 1457 4500; x_wconf 91' lang='lat' dir='ltr'>eadem.</span> 
     </span>
    </p>

    <p class='ocr_par' dir='ltr' id='par_1_19' title="bbox 242 4544 1502 4842">
     <span class='ocr_line' id='line_1_38' title="bbox 349 4544 1502 4630; baseline -0.006 -19"><span class='ocrx_word' id='word_1_263' title='bbox 349 4551 508 4612; x_wconf 91' lang='lat' dir='ltr'>Volumus</span> <span class='ocrx_word' id='word_1_264' title='bbox 532 4550 630 4627; x_wconf 91' lang='lat' dir='ltr'>enim,</span> <span class='ocrx_word' id='word_1_265' title='bbox 659 4549 747 4630; x_wconf 93' lang='lat' dir='ltr'>quod</span> <span class='ocrx_word' id='word_1_266' title='bbox 772 4549 881 4610; x_wconf 88' lang='lat' dir='ltr'>medio</span> <span class='ocrx_word' id='word_1_267' title='bbox 914 4563 1060 4630; x_wconf 89' lang='lat' dir='ltr'>tempore</span> <span class='ocrx_word' id='word_1_268' title='bbox 1087 4548 1192 4608; x_wconf 81' lang='lat' dir='ltr'>exlant</span> <span class='ocrx_word' id='word_1_269' title='bbox 1216 4546 1314 4606; x_wconf 91' lang='lat' dir='ltr'>iidem</span> <span class='ocrx_word' id='word_1_270' title='bbox 1338 4545 1378 4605; x_wconf 91' lang='lat' dir='ltr'>de</span> <span class='ocrx_word' id='word_1_271' title='bbox 1403 4544 1502 4605; x_wconf 92' lang='lat' dir='ltr'>domo</span> 
     </span>
     <span class='ocr_line' id='line_1_39' title="bbox 243 4651 1502 4737; baseline -0.005 -21"><span class='ocrx_word' id='word_1_272' title='bbox 243 4654 374 4717; x_wconf 80' lang='lat' dir='ltr'>domIne</span> <span class='ocrx_word' id='word_1_273' title='bbox 399 4668 587 4732; x_wconf 88' lang='lat' dir='ltr'>memorate,</span> <span class='ocrx_word' id='word_1_274' title='bbox 611 4673 669 4737; x_wconf 91' lang='lat' dir='ltr'>pro</span> <span class='ocrx_word' id='word_1_275' title='bbox 705 4672 802 4715; x_wconf 91' lang='lat' dir='ltr'>censu</span> <span class='ocrx_word' id='word_1_276' title='bbox 834 4667 941 4715; x_wconf 90' lang='lat' dir='ltr'>tamen</span> <span class='ocrx_word' id='word_1_277' title='bbox 974 4653 1050 4715; x_wconf 91' lang='lat' dir='ltr'>dent</span> <span class='ocrx_word' id='word_1_278' title='bbox 1073 4652 1189 4733; x_wconf 86' lang='lat' dir='ltr'>pignus</span> <span class='ocrx_word' id='word_1_279' title='bbox 1221 4651 1251 4711; x_wconf 92' lang='lat' dir='ltr'>in</span> <span class='ocrx_word' id='word_1_280' title='bbox 1276 4670 1391 4711; x_wconf 91' lang='lat' dir='ltr'>manus</span> <span class='ocrx_word' id='word_1_281' title='bbox 1415 4668 1502 4710; x_wconf 92' lang='lat' dir='ltr'>com·</span> 
     </span>
     <span class='ocr_line' id='line_1_40' title="bbox 242 4755 1501 4842; baseline -0.006 -20"><span class='ocrx_word' id='word_1_282' title='bbox 242 4781 356 4824; x_wconf 90' lang='lat' dir='ltr'>munes</span> <span class='ocrx_word' id='word_1_283' title='bbox 379 4762 434 4823; x_wconf 91' lang='lat' dir='ltr'>tali</span> <span class='ocrx_word' id='word_1_284' title='bbox 459 4761 569 4838; x_wconf 90' lang='lat' dir='ltr'>modo,</span> <span class='ocrx_word' id='word_1_285' title='bbox 594 4760 682 4841; x_wconf 94' lang='lat' dir='ltr'>quod</span> <span class='ocrx_word' id='word_1_286' title='bbox 706 4759 731 4820; x_wconf 92' lang='lat' dir='ltr'>si</span> <span class='ocrx_word' id='word_1_287' title='bbox 754 4759 898 4842; x_wconf 90' lang='lat' dir='ltr'>predicta</span> <span class='ocrx_word' id='word_1_288' title='bbox 922 4758 1054 4820; x_wconf 90' lang='lat' dir='ltr'>domina</span> <span class='ocrx_word' id='word_1_289' title='bbox 1086 4757 1309 4839; x_wconf 90' lang='lat' dir='ltr'>comprobabit</span> <span class='ocrx_word' id='word_1_290' title='bbox 1334 4756 1419 4836; x_wconf 80' lang='lat' dir='ltr'>Ipsos</span> <span class='ocrx_word' id='word_1_291' title='bbox 1442 4755 1501 4817; x_wconf 94' lang='lat' dir='ltr'>sibi</span> 
     </span>
    </p>
   </div>
   <div class='ocr_carea' id='block_1_5' title="bbox 0 0 1748 5250">
    <p class='ocr_par' dir='ltr' id='par_1_20' title="bbox 0 0 1748 5250">
     <span class='ocr_line' id='line_1_41' title="bbox 0 0 1748 5250; baseline 0 1"><span class='ocrx_word' id='word_1_292' title='bbox 0 0 1748 5250; x_wconf 95' lang='lat' dir='ltr'> </span> 
     </span>
    </p>
   </div>
  </div>
 </body>
</html>
