3488 5250
1440 357 1497 439 361

342 571 420 632 Item
455 568 609 631 Nicolaus
645 568 771 630 Kordsr
807 582 916 630 contra
951 569 1082 630 Kussilo
1113 567 1256 630 secundo
1287 567 1400 630 citatus
1433 587 1500 629 nou

238 676 426 759 comparuit.

343 782 421 843 Item
445 781 580 863 Egidius
603 778 735 868 pellifex
759 793 868 842 contra
893 779 1033 840 eundem
1059 779 1206 841 similiter
1228 779 1371 840 secundo
1387 778 1501 840 citatus

237 882 304 950 nou
336 887 525 969 comparuit.

343 992 421 1054 Item
446 991 627 1053 Demetrius
651 1005 761 1053 contra
778 989 917 1053 Gursam
939 990 1081 1052 secundo
1099 991 1211 1052 citatus
1227 1008 1293 1050 nou
1310 989 1500 1071 comparuit.

343 1098 421 1160 Item
444 1097 627 1159 Demetrius
659 1097 797 1179 piscator
828 1109 937 1159 contra
970 1096 1132 1158 Andream
1161 1096 1266 1179 primo
1298 1096 1411 1157 citatus
1433 1113 1499 1156 non

239 1217 428 1287 comparuit.

344 1309 421 1371 Item
459 1309 604 1370 Thomas
641 1307 757 1390 longus
793 1321 903 1369 contra
937 1308 1075 1370 eundem
1111 1306 1253 1369 secundo
1289 1307 1402 1368 citatus
1435 1325 1501 1367 uon

238 1416 427 1497 comparuit.

345 1538 423 1601 Item
449 1537 622 1600 Budizlaus
639 1552 747 1599 contra
766 1537 954 1600 Churenum
971 1537 1208 1620 perhemptorie
1225 1536 1346 1598 debens
1369 1555 1502 1618 respon·

241 1645 327 1723 dere,
352 1663 418 1706 non
444 1644 532 1706 venit
562 1663 620 1705 nec
652 1645 749 1722 misit,
773 1644 847 1706 ideo
878 1644 1043 1706 convictus
1067 1643 1168 1705 estin
1198 1642 1337 1725 judici0;
1361 1654 1393 1704 et
1415 1642 1499 1723 quit·

239 1751 317 1833 quid
343 1749 513 1813 Churenus
536 1750 576 1811 ad
601 1748 697 1811 fidem
721 1769 813 1811 suam
837 1750 967 1832 recipiet
998 1749 1258 1830 juramentaiitsr,
1291 1746 1377 1809 idem
1402 1746 1500 1809 Budi·

239 1856 328 1919 zlaus
351 1856 511 1918 tenebitur
534 1856 668 1918 solvere.

345 1979 422 2041 Item
447 1979 555 2041 relicta
579 1978 796 2040 Mekkochren
819 1992 928 2040 contra
952 1978 1087 2039 Peterko
1111 1990 1253 2038 sutorem
1271 2021 1279 2038 .
1296 2022 1330 2039 ..

345 2103 423 2164 item
446 2102 582 2164 Bnrtuch
606 2102 646 2163 ad
671 2102 857 2184 quindecim
882 2101 950 2163 dies
972 2113 1098 2163 tenetur
1122 2099 1246 2161 solvere
1271 2097 1408 2160 Johanni
1433 2095 1501 2159 filio

240 2209 410 2270 Laurencii
435 2207 487 2269 1111
512 2205 662 2286 florenos,
691 2226 774 2289 quos
804 2206 1026 2289 comprobavit
1056 2204 1116 2266 sibi
1148 2203 1326 2266 debitorem
1350 2202 1413 2264 fide
1444 2221 1501 2263 sua

239 2313 419 2390 medianrc3
444 2313 530 2375 idem
555 2332 631 2374 vero
655 2311 792 2375 Bartuch
823 2312 864 2373 ad
895 2312 1068 2373 terminum
1100 2308 1403 2393 perhemptorialem
1434 2327 1500 2369 non

239 2420 327 2480 venit
351 2438 408 2481 nec
430 2419 621 2501 comparuit.

345 2525 423 2587 item
447 2525 578 2606 Endrey
602 2524 705 2587 dictus
730 2523 845 2586 Pzicha
877 2521 1017 2586 infacto
1050 2522 1199 2605 vituperii
1232 2535 1342 2583 contra
1373 2518 1500 2582 Mikech

239 2631 378 2712 judicem
402 2631 503 2693 extitit
528 2630 783 2713 condempnatus
807 2631 839 2692 in
867 2644 1005 2712 quatuor
1027 2629 1143 2691 marcis
1166 2628 1226 2711 ipsi
1251 2626 1378 2689 Mikech
1402 2625 1500 2708 judici

239 2737 537 2820 persolvendis...
561 2751 593 2800 et
624 2737 709 2798 idem
742 2737 872 2820 Endrey
901 2736 1044 2819 signatus
1075 2735 1177 2796 estin
1210 2734 1348 2817 presenti
1372 2746 1501 2795 caterno

238 2857 392 2924 tanquam
416 2841 552 2904 infamis.

346 3108 424 3170 item
449 3153 483 3170 ..
507 3107 663 3170 fistulator
684 3107 836 3168 remansit
867 3120 978 3168 contra
1008 3106 1147 3168 iwanam
1173 3105 1314 3167 relictam
1347 3103 1502 3165 Johannis

240 3216 272 3276 in
308 3213 428 3295 judicio
463 3214 588 3275 duabus
624 3213 740 3275 marcis
773 3212 979 3274 denariorum
1013 3213 1175 3273 soluturus
1210 3224 1241 3273 et
1272 3209 1369 3291 judici
1402 3228 1500 3271 unam

240 3340 380 3383 marcam
404 3339 462 3401 pro
486 3339 536 3399 eo,
560 3320 648 3401 quod
673 3332 845 3381 accesserat
869 3319 909 3380 ad
933 3318 1067 3380 domum
1092 3318 1191 3400 ipsius
1214 3317 1319 3378 lwane
1343 3328 1374 3377 et
1397 3316 1500 3397 ipsam

240 3426 404 3509 percussit.

346 3549 423 3611 Item
456 3597 489 3613 ..
514 3547 598 3610 filius
628 3548 735 3610 Kotha
766 3549 916 3610 remansit
949 3546 1092 3628 Georgio
1125 3545 1279 3609 Ztaunich
1310 3546 1344 3607 in
1375 3544 1500 3606 duabus

241 3656 355 3718 marcis
387 3654 591 3717 denariorum
623 3673 724 3736 usque
755 3652 1068 3735 quintumdecimum
1103 3652 1189 3714 diem
1220 3651 1383 3714 soluturus
1406 3663 1437 3711 et
1468 3649 1501 3710 in

240 3761 369 3823 duobus
391 3760 518 3840 judiciis
541 3760 708 3821 consvetis.

269 3996 364 4079 Nota,
391 3998 478 4084 quod
508 3995 594 4067 feria
623 3997 730 4067 tercia
758 3997 914 4084 proxima
941 3996 1098 4067 videlicet
1126 3998 1159 4066 in
1187 3995 1272 4066 festo
1301 3996 1391 4065 beati
1418 3993 1475 4083 Jo-

715 4118 834 4191 hannis
864 4118 1026 4208 Baptista.

348 4286 426 4348 Item
450 4287 603 4348 Nicolaus
626 4287 666 4347 de
699 4287 869 4349 Branouch
901 4303 932 4349 et
963 4287 1066 4350 Iwech
1098 4286 1237 4350 carnifex
1269 4305 1376 4348 coram
1407 4286 1502 4348 nobis

241 4391 371 4454 fuerunt
394 4393 556 4474 protestati
588 4412 628 4455 eo
659 4393 769 4472 modo,
801 4392 889 4474 quod
921 4394 981 4476 ipsi
1013 4393 1199 4472 aHsnche‚
1231 4392 1286 4476 qui
1317 4407 1393 4454 tunc
1416 4392 1501 4454 vices

240 4496 398 4578 judicatus
427 4500 568 4580 gerebat,
600 4498 796 4561 audivissent
814 4499 930 4579 taliter,
962 4499 1051 4582 quod
1081 4501 1218 4562 Jacobus
1249 4501 1352 4563 dictus
1384 4499 1499 4562 Pzicbs

241 4617 349 4666 contra
373 4604 546 4667 Oblicham
571 4605 602 4666 in
627 4624 730 4681 causa,
755 4624 852 4687 quam
886 4606 971 4669 idem
998 4606 1136 4669 Oblicha
1166 4620 1275 4669 contra
1300 4625 1374 4668 eum
1398 4625 1500 4689 oppo-

241 4711 347 4781 nebat.
371 4729 503 4772 omnem
533 4710 691 4773 iusticiam
723 4711 871 4774 astitisset
901 4725 933 4774 et
955 4713 1063 4792 astitit,
1088 4727 1119 4775 et
1149 4727 1256 4775 utrum
1279 4713 1501 4776 testimonium

241 4815 340 4897 ipsius
363 4814 477 4894 judicis
498 4816 538 4878 sit
559 4830 741 4898 susceptum
765 4816 816 4879 vel
840 4837 891 4897 ne,
916 4817 1097 4880 discuciatis
1120 4838 1178 4881 vos
1199 4818 1304 4900 jurati.
