3488 5250
622 343 822 424 Ann01356.
848 381 889 389 -
914 343 965 407 18.
989 349 1099 408 martii.
1453 369 1495 432 43

338 561 414 620 ltem
448 535 541 621 causa
575 559 613 621 G.
639 557 695 620 filii
730 557 807 620 Suik
840 572 870 620 et
894 558 939 621 St.
963 559 1020 622 filii
1054 561 1144 621 Kuce
1169 573 1199 620 et
1231 559 1287 622 filii
1312 561 1360 622 sui
1393 579 1495 641 usque

230 665 317 727 diem
341 678 491 727 octavum
516 666 555 727 ad
580 686 692 748 pacem
714 678 761 726 est
783 679 964 748 prorogata.

338 773 416 833 Item
440 773 521 834 Zore
546 785 654 833 contra
680 772 784 833 Eliam
809 773 914 854 primo
939 773 1051 834 citatus
1075 792 1140 834 non
1167 773 1356 854 comparuit.

338 879 415 939 item
440 878 474 940 P.
493 876 642 960 Mathych
667 890 776 939 contra
799 878 968 939 Albertum
985 877 1145 939 literatum
1170 878 1275 960 primo
1300 877 1413 938 citatus
1430 896 1496 939 non

233 985 423 1067 comparuit.

338 1092 415 1152 Item
441 1090 616 1172 Dyonisius
640 1103 750 1152 contra
774 1088 926 1152 Anchech
951 1091 1055 1172 primo
1080 1090 1192 1152 citatus
1216 1109 1281 1151 non
1306 1089 1495 1172 comparuit.

337 1199 414 1260 item
440 1197 548 1258 relicta
573 1195 675 1257 lwech
692 1196 743 1257 die
761 1210 874 1258 octavo
892 1196 988 1258 debet
1005 1197 1166 1279 deponere
1184 1195 1399 1277 juramentum
1431 1208 1496 1257 met

231 1304 370 1366 secunda
396 1318 504 1365 contra
529 1322 661 1364 uxorem
686 1301 851 1364 Benedicti
875 1322 970 1384 super
995 1301 1138 1384 quodam
1164 1302 1283 1363 debito.

338 1411 415 1472 item
441 1430 534 1471 causa
560 1407 749 1470 Lancholoti
781 1421 813 1469 et
845 1409 998 1471 Demetrii
1032 1427 1133 1489 usque
1157 1408 1288 1469 terciam
1321 1406 1432 1468 feriam
1457 1406 1497 1467 ad

234 1537 344 1600 pacem
368 1531 415 1578 est
438 1529 618 1599 prorogata.

339 1623 416 1684 item
442 1623 588 1683 Donatus
611 1634 721 1682 contra
745 1620 874 1703 Endrey
906 1620 1049 1682 secundo
1081 1620 1194 1681 citatus
1218 1638 1283 1681 non
1308 1618 1496 1701 comparuit.

339 1730 415 1791 irem
442 1728 486 1791 St.
512 1726 607 1788 frater
631 1726 795 1788 Lourandi
820 1739 929 1788 contra
954 1726 1146 1787 Merclinum
1170 1724 1307 1806 juratum
1333 1724 1437 1806 primo
1455 1723 1497 1785 ci-

233 1849 317 1897 tatus
341 1854 405 1895 non
431 1833 619 1914 comparuit.

340 1942 418 2001 item
443 1938 482 2002 G.
508 1953 616 2001 contra
641 1938 769 2000 Kusech
793 1938 898 2021 primo
922 1939 1035 1999 citatus
1060 1958 1124 1999 non
1149 1938 1337 2019 comparuit.

345 2047 421 2107 item
447 2047 472 2107 J.
498 2045 617 2107 vuzdar
641 2059 750 2107 contra
769 2045 813 2108 St.
837 2045 978 2107 secundo
997 2045 1110 2105 citatus
1134 2063 1198 2106 non
1223 2043 1411 2126 comparuit.

340 2154 418 2214 item
437 2152 481 2214 St.
496 2166 604 2213 contra
623 2151 813 2214 Michaeiem
831 2149 955 2213 fabrum
981 2151 1086 2233 primo
1100 2151 1213 2212 citatus
1230 2171 1294 2212 non
1309 2147 1497 2232 comparuit.

340 2258 416 2322 ltem
442 2258 563 2342 Wythe
596 2273 705 2321 contra
728 2258 854 2320 Ferlich
877 2259 983 2340 primo
1008 2257 1121 2318 citatus
1145 2276 1210 2318 non
1233 2257 1422 2339 comparuit.

341 2364 417 2429 ltem
436 2367 558 2449 Symon
572 2366 714 2428 literatus
727 2379 836 2427 contra
850 2365 971 2428 Obram
986 2365 1037 2426 die
1051 2378 1164 2425 octavo
1182 2364 1277 2426 debet
1294 2363 1487 2445 respondere

340 2471 417 2535 Item
453 2473 582 2556 Endrey
618 2486 727 2534 contra
763 2471 902 2534 eundem
935 2471 1112 2554 Symonem
1144 2470 1249 2552 primo
1284 2470 1398 2532 citatus
1433 2488 1498 2530 non

234 2580 423 2661 comparuit.

340 2685 418 2746 Item
443 2685 634 2746 Lourandus
658 2698 767 2745 contra
792 2683 955 2746 Thomam
991 2684 1043 2745 die
1067 2697 1182 2746 octavo
1212 2682 1308 2745 debet
1330 2681 1499 2764 perhemp-

235 2792 315 2853 torie
345 2791 548 2874 respondere.

342 2899 419 2960 Item
444 2917 523 2960 uxor
548 2899 631 2960 iwan
656 2897 752 2960 Drazi
777 2911 886 2960 contra
911 2897 1018 2960 Wchk
1045 2897 1187 2960 secundo
1212 2897 1305 2958 citata
1330 2916 1394 2958 non
1413 2915 1499 2959 com·

237 3007 351 3088 paruit.

342 3113 419 3175 item
445 3113 543 3173 Piuka
569 3125 678 3174 contra
709 3112 874 3173 Emricum
907 3110 1049 3173 secundo
1073 3110 1187 3171 citatus
1218 3129 1282 3171 non
1308 3109 1496 3191 comparuit.

343 3220 420 3280 Item
454 3219 568 3300 Arruig
600 3232 709 3280 contra
742 3217 830 3280 Otho
855 3218 993 3279 debebat
1024 3216 1261 3299 perhemptorie
1293 3215 1498 3298 respondere,

238 3325 311 3388 ideo
334 3327 401 3408 ipse
426 3326 539 3407 Artuig
563 3325 743 3407 comparuit
766 3338 801 3385 ut
821 3324 959 3386 debebat
975 3323 1015 3385 ad
1041 3323 1314 3405 respondendum,
1338 3322 1499 3405 predictus

237 3433 325 3497 Otho
350 3447 385 3493 ut
408 3446 495 3493 actor
518 3452 576 3494 nec
601 3432 687 3493 venir
711 3452 769 3493 nec
792 3432 888 3493 misit.

342 3537 418 3600 ltem
443 3538 593 3622 Mathych
625 3539 657 3599 in
682 3538 855 3620 quindenis
879 3537 973 3598 debet
997 3536 1121 3598 solvere
1146 3536 1284 3619 lindsey,
1310 3534 1395 3596 fratri
1422 3535 1500 3613 Kus‚

237 3647 289 3707 1111
313 3665 427 3727 pensas
452 3658 482 3706 et
505 3646 534 3705 X
558 3644 717 3705 denarios.

342 3750 419 3814 Item
443 3770 524 3812 uxor
549 3750 690 3811 Barberii
715 3764 824 3811 contra
848 3750 954 3810 Vanse
979 3750 1082 3831 primo
1100 3749 1193 3811 citata
1218 3768 1282 3809 non
1308 3746 1495 3827 comparuit.

342 3858 419 3919 item
446 3857 575 3939 Hudlep
600 3871 708 3919 contra
734 3855 773 3919 G.
799 3856 951 3917 Ztrunich
976 3857 1080 3938 primo
1094 3857 1207 3917 citatus
1223 3874 1288 3916 non
1306 3853 1495 3935 comparuit.

343 3966 420 4026 item
444 3965 548 4026 Pousa
573 3977 682 4025 contra
708 3964 797 4025 Mark
821 3963 925 4044 primo
951 3963 1063 4024 citatus
1087 3982 1152 4024 non
1177 3961 1365 4042 comparuit.

344 4072 421 4132 Item
439 4071 584 4133 Andreas
600 4072 689 4132 faber
706 4084 815 4132 contra
833 4070 952 4131 Bernar
967 4070 1072 4152 primo
1097 4071 1210 4130 citatus
1227 4088 1291 4129 non
1309 4067 1499 4149 comparuit.

342 4178 418 4238 item
444 4177 551 4260 Sydak
577 4176 654 4239 feria
679 4177 774 4238 tercia
800 4177 895 4238 debet
926 4190 1101 4259 protestare
1126 4196 1198 4237 cum
1223 4174 1385 4243 Sanclino.
1411 4175 1499 4257 quod

238 4285 304 4366 ipse
330 4284 368 4345 ad
395 4285 556 4345 racionem
582 4284 680 4366 precii
714 4283 856 4346 maccelli
890 4283 978 4345 dedit
1001 4283 1188 4344 Hermanko
1221 4301 1278 4363 pro
1303 4280 1417 4362 capolo
1441 4281 1499 4341 XL

238 4390 396 4452 denarios.

342 4498 418 4558 Item
445 4496 542 4558 Sidak
567 4496 679 4559 eadem
698 4495 777 4558 feria
801 4496 895 4558 tercia
921 4508 1029 4557 contra
1054 4494 1192 4556 eundem
1211 4491 1499 4576 H(ermankonem)

237 4603 333 4665 debet
356 4603 560 4684 respondere.

343 4710 421 4771 item
446 4709 577 4792 Mathey
601 4721 710 4770 contra
734 4709 819 4769 iwan
843 4708 948 4789 primo
979 4708 1092 4770 citatus
1115 4727 1181 4770 non
1205 4707 1394 4789 comparuit.

342 4815 420 4877 Item
446 4813 640 4877 Jurkouicha
664 4827 773 4877 contra
798 4815 906 4874 Maren
931 4815 1036 4896 primo
1060 4814 1154 4876 citata
1178 4834 1242 4876 non
1268 4814 1455 4895 comparuit.
