3488 5250
598 357 686 416 Anno
709 354 800 434 1363.
824 391 868 401 -
890 372 936 434 17.
961 355 1131 417 novembres.

332 565 411 628 Item
435 586 528 629 causa
562 566 693 628 Martini
725 567 850 649 Reyniz
881 580 912 628 et
944 565 1092 648 Gregorii
1128 567 1204 627 Jaxe
1237 565 1277 627 ad
1302 565 1490 627 instanciam

226 665 351 734 domini
376 673 466 735 Pauli
503 673 640 734 cantoris
672 672 712 735 ad
744 684 892 735 octavum
921 673 1006 733 diem
1040 671 1149 733 estad
1181 690 1293 753 pacem
1319 686 1490 752 prorogata

225 777 252 838 si
275 777 447 840 concordia
471 777 539 839 fieri
570 791 676 861 potest
706 778 788 840 inter
819 791 935 859 partes,
968 777 1112 859 alioquin
1145 775 1299 838 iaciemus
1331 776 1490 857 justiciam

226 883 294 944 sine
318 882 463 945 ulteriori
489 883 658 946 dilacione.

334 987 412 1051 Item
438 1008 531 1051 causa
555 989 639 1051 Petri
664 989 838 1051 Teutonici
869 1002 899 1052 et
923 988 1052 1050 Thome
1076 987 1133 1050 filii
1158 990 1243 1051 lwan
1269 989 1309 1050 ad
1341 1002 1489 1051 octavum

166 1154 169 1163 ,
228 1093 314 1156 diem
339 1109 386 1156 est
408 1110 579 1178 prorogata
603 1095 643 1156 ad
667 1095 855 1157 instanciam
880 1096 1056 1178 proborum
1080 1095 1233 1157 virorum.

336 1200 414 1262 item
438 1200 602 1282 Jurglinus
618 1199 739 1282 juratus
752 1214 860 1262 contra
878 1199 1015 1262 Paulum
1038 1198 1233 1262 frenatorem
1257 1201 1362 1283 primo
1379 1200 1492 1263 citatus

227 1325 293 1369 non
320 1306 509 1389 comparuit.

337 1412 415 1474 Item
441 1430 534 1473 causa
558 1411 700 1493 magistri
726 1411 852 1473 Nicolai
875 1411 1035 1492 organista
1070 1425 1101 1472 et
1125 1410 1256 1473 Henrici
1281 1410 1428 1494 pellificis
1451 1410 1491 1472 ad

230 1531 380 1580 octavum
405 1517 492 1581 diem
515 1517 554 1578 ad
578 1536 689 1599 pacem
715 1531 761 1578 εει
785 1531 965 1600 prorogata.

335 1624 413 1686 Item
439 1642 566 1685 causam
592 1624 721 1685 Martini
746 1623 870 1706 Reyuiz
890 1636 921 1686 et
945 1622 1094 1684 Damiani
1110 1623 1227 1684 sutoris
1249 1622 1492 1705 prorogavimus

228 1730 269 1792 ad
293 1742 443 1792 octavum
467 1729 553 1790 diem
577 1727 665 1791 finali
689 1727 852 1791 decisione
875 1728 1121 1791 terminandam.

335 1833 411 1898 item
430 1835 536 1897 Herxa
568 1835 620 1896 die
652 1849 765 1896 octavo
797 1835 893 1897 debet
916 1832 1020 1915 jurare
1054 1847 1162 1896 contra
1196 1834 1339 1896 relictam
1363 1834 1492 1896 Andree

232 1960 401 2024 supereo,
425 1940 513 2022 quod
539 1941 604 2022 ipse
629 1941 770 2002 rivulum
787 1960 882 2023 super
904 1954 1021 2002 terram
1037 1940 1181 2001 eiusdem
1205 1959 1271 2002 non
1288 1939 1492 2022 permisisset.

335 2047 412 2109 Item
440 2046 601 2109 Johannes
633 2046 718 2108 filius
750 2045 870 2110 Mathia
901 2059 1010 2108 contra
1036 2045 1216 2108 Johannem
1247 2046 1352 2128 primo
1380 2046 1494 2109 citatus

228 2172 295 2215 non
319 2153 508 2235 comparuit.

336 2258 412 2320 item
439 2258 640 2320 Kus'contra
664 2256 749 2318 iwan
775 2256 996 2320 Chidauchicb
1018 2256 1160 2319 secundo
1185 2257 1298 2318 citatus
1322 2276 1388 2319 non
1406 2275 1493 2319 com·

229 2364 345 2446 paruit.

335 2469 413 2531 Item
439 2469 561 2552 Symon
586 2468 637 2529 die
662 2481 777 2530 octavo
810 2482 918 2530 contra
952 2468 1123 2530 Nicolaum
1156 2466 1353 2530 aurifabrum
1377 2468 1494 2550 iurabit

229 2574 316 2637 solus
339 2594 435 2657 super
458 2593 508 2651 eo,
533 2573 620 2654 quod
645 2573 713 2655 ipse
738 2573 770 2634 in
787 2573 932 2655 pluribus
955 2593 1161 2635 communem
1179 2573 1256 2655 (non
1273 2571 1416 2656 haberet)
1432 2573 1493 2635 nisi

230 2678 399 2741 indecem
431 2693 462 2741 et
493 2693 566 2741 octo
597 2677 727 2740 florenis
758 2697 817 2761 pro
848 2679 1063 2761 comparanda
1095 2679 1160 2740 sale
1194 2679 1225 2740 in
1252 2679 1438 2741 Leubacum
1463 2693 1494 2740 et

230 2785 383 2865 reliquos,
407 2803 488 2866 quos
511 2783 615 2867 posita
638 2783 777 2863 racione,
802 2784 884 2846 inter
907 2785 994 2866 ipsos
1018 2784 1191 2847 invenient.

335 2889 413 2952 item
445 2891 675 2952 commiserunt
698 2890 851 2951 relacioni
874 2890 1029 2952 iohannis
1052 2890 1180 2952 litterati
1206 2891 1245 2952 de
1271 2902 1412 2973 quatuor
1435 2890 1493 2953 flo-

231 2995 326 3075 renis,
351 2995 401 3056 cui
434 3015 546 3057 eorum
578 2995 664 3077 ipsos
698 3009 837 3076 quatuor
867 2994 1007 3058 florenos
1039 2998 1239 3078 assignasset,
1270 2997 1417 3060 similiter
1441 2997 1492 3058 die

230 3115 354 3163 octavo.

335 3205 412 3267 Item
438 3205 576 3267 Michael
595 3204 710 3268 Ortolfi
729 3206 870 3268 secundo
887 3207 1001 3269 citatus
1018 3221 1128 3270 contra
1144 3208 1375 3269 dubichensem
1392 3207 1493 3268 archi·

231 3312 403 3374 diaconum
428 3331 493 3374 non
522 3312 710 3394 comparuit.

268 3545 364 3619 Faria
393 3555 491 3619 sexta
519 3553 674 3636 proxima
701 3558 778 3637 post
805 3550 928 3621 festum
955 3551 1046 3621 beati
1077 3549 1212 3621 Martini
1242 3551 1453 3622 confessoris.

733 3706 793 3778 (17.
817 3703 1005 3766 novembris).

336 3838 444 3900 Primo
475 3851 589 3901 octavo
620 3840 671 3902 die
696 3840 914 3903 Ferekouicha
938 3855 1046 3902 contra
1079 3840 1206 3902 Petrum
1231 3841 1339 3902 wzdar
1364 3861 1420 3923 per
1443 3861 1494 3903 εο-

229 3962 315 4004 cram
340 3943 493 4006 Demetrii
519 3945 687 4023 sellatotis,
711 3946 743 4007 in
770 3965 866 4028 quam
891 3966 923 4007 se
955 3960 1059 4027 partes
1090 3947 1315 4025 submiserunt,
1349 3947 1493 4009 testimo-

229 4049 320 4110 nium
344 4068 438 4130 super
462 4051 647 4111 verberibus
671 4052 837 4132 producet.

336 4152 414 4215 Item
440 4154 565 4216 Blasius
588 4154 672 4216 filius
689 4156 799 4217 Jacobi
823 4176 880 4238 per
896 4175 971 4217 suos
994 4171 1089 4218 testes
1113 4157 1153 4218 de
1170 4177 1275 4236 causa,
1301 4177 1399 4239 quam
1416 4157 1492 4220 Iuan

229 4259 329 4341 Vgrin
351 4261 499 4321 movebat
515 4275 625 4321 contra
649 4280 734 4339 eum,
751 4261 810 4322 sibi
832 4260 1019 4324 satisfecisse
1043 4263 1083 4324 ad
1101 4263 1233 4345 plenum
1258 4265 1494 4346 comprobavit,

229 4365 378 4427 videlicet
401 4385 457 4446 per
482 4364 658 4447 Georgium
682 4368 880 4429 sacerdotem
905 4381 935 4428 et
959 4368 1122 4429 Thomam
1147 4368 1248 4429 filium
1274 4369 1319 4431 St.

336 4471 413 4533 Item
437 4492 530 4533 causa
562 4472 728 4533 cuiusdam
760 4474 932 4535 Teutonici
965 4488 996 4535 et
1020 4475 1126 4536 Tome
1158 4474 1214 4536 filii
1241 4475 1358 4537 Cemer
1381 4475 1422 4537 ad
1447 4474 1488 4536 f·

222 4577 309 4639 riam
333 4578 464 4639 terciam
488 4578 529 4639 ad
553 4598 665 4660 pacem
690 4592 736 4640 est
764 4578 910 4641 deducta.

337 4682 415 4745 item
432 4698 547 4745 octavo
572 4683 624 4745 die
640 4684 717 4746 Iu'an
735 4684 933 4747 Chidaucich
951 4704 1007 4766 per
1023 4684 1202 4748 Johannem
1219 4707 1374 4768 generum
1392 4689 1493 4750 Bene·

231 4787 309 4850 dicti
332 4789 553 4851 testimonium
577 4799 688 4852 contra
712 4789 780 4853 Cus
802 4810 897 4871 super
924 4791 1090 4872 vituperiis
1114 4792 1281 4873 producet.
