3488 5250
265 350 282 392 2
288 333 327 412 58
653 335 737 391 Anno
760 329 851 410 1363.
874 367 919 377 —
942 345 988 409 17.
1013 335 1122 395 martii.

369 544 447 605 Item
471 557 585 605 octavo
610 543 661 604 die
686 542 825 605 Jacobus
848 544 924 604 Kun
942 557 1051 604 contra
1068 542 1203 605 Feleker
1228 556 1259 605 et
1275 543 1453 605 Henricum
1470 562 1527 627 per

264 649 464 711 Demetrium
489 648 585 710 Brani
610 661 641 710 et
664 648 741 709 luan
767 647 869 709 filium
895 648 1001 710 Suchk
1025 668 1194 730 supereo,
1218 649 1307 729 quod
1331 649 1430 710 iidem
1454 668 1528 731 pro-

262 756 331 838 pria
355 774 429 817 cum
453 754 600 836 potencia
625 754 800 832 venientes,
825 753 959 815 domum
976 773 1067 815 suam
1091 752 1281 835 frangendo,
1306 754 1373 816 dire
1397 753 1527 817 fratrem

261 881 356 923 suum
379 860 554 923 trusissent.

369 966 409 1027 Et
432 963 563 1026 tandem
587 965 728 1026 iideme
759 976 870 1026 contra
897 983 954 1047 per
986 964 1173 1047 Dyetricum
1207 964 1332 1043 Konch,
1356 964 1526 1027 Nicolaum

264 1072 365 1151 laisei,
388 1071 552 1150 Anderko‚
587 1070 703 1149 Eliam‚
735 1070 823 1132 Puch
854 1083 886 1132 et
915 1071 997 1132 alios
1020 1071 1219 1132 Teutonicos
1250 1071 1393 1153 ipsorum
1424 1071 1529 1132 socios

261 1177 481 1240 testimonium
505 1175 683 1258 producere
708 1175 826 1238 debent
842 1175 932 1258 quod
948 1176 1036 1238 noxii
1054 1195 1119 1237 non
1144 1176 1298 1238 essentia
1322 1176 1527 1257 percussione

263 1298 294 1344 et
314 1283 401 1364 quod
426 1282 549 1343 nullam
574 1281 767 1343 discordiam
790 1281 976 1343 habuissent
992 1301 1065 1344 cum
1090 1281 1236 1342 Johanne
1260 1279 1351 1343 fabro
1375 1294 1406 1342 et
1425 1280 1526 1343 eciam

262 1408 335 1450 cum
360 1387 458 1449 Trost
480 1406 575 1468 super
598 1386 794 1465 verberibus,
819 1399 912 1468 capto
936 1387 1017 1468 ipso,
1041 1387 1075 1447 in
1099 1405 1174 1448 eum
1198 1384 1297 1451 factis.

368 1494 446 1555 ltem
470 1491 630 1573 Georgius
654 1491 795 1575 Gyanini
824 1506 934 1554 contra
964 1511 1097 1554 uxorem
1121 1493 1230 1576 Matey
1262 1492 1327 1553 ceci
1351 1491 1458 1574 primo
1483 1492 1526 1553 ci-

261 1612 345 1662 tatus
368 1618 434 1660 non
457 1598 645 1681 comparuit.
864 1604 865 1609 ’

369 1704 448 1766 ltem
472 1716 587 1765 octavo
611 1703 662 1764 die
688 1703 851 1765 lohannes
874 1701 963 1764 faber
993 1716 1102 1766 contra
1126 1703 1260 1766 Feleker
1284 1722 1340 1786 per
1363 1703 1527 1765 Andream

263 1810 358 1888 tular,
382 1811 526 1872 Marcum
550 1809 655 1871 sedlar
678 1822 709 1870 et
732 1809 911 1871 Johannem
939 1809 1136 1892 selliparum,
1158 1809 1246 1891 quod
1271 1828 1346 1871 eum
1377 1810 1526 1873 vulnera·

262 1919 353 1996 verit,
376 1916 598 1978 testimonium
622 1915 799 1997 producere
825 1915 929 1979 debet.

368 2023 447 2084 ltem
471 2021 589 2084 Bedica
613 2021 718 2103 primo
741 2021 854 2089 citatus
872 2035 981 2083 contra
1005 2022 1134 2084 Petrum
1158 2041 1224 2084 non
1249 2021 1438 2103 comparuit.

367 2128 446 2189 ltem
470 2128 545 2189 odie
569 2146 671 2208 usque
694 2146 766 2189 sero
782 2127 927 2189 Andreas
947 2140 1057 2189 contra
1074 2126 1219 2190 Cernech
1244 2147 1300 2209 per
1324 2126 1526 2189 Demetrium

262 2248 293 2296 et
328 2232 521 2325 Gregorium
557 2232 653 2294 debet
687 2232 864 2316 producere
899 2233 1120 2294 testimonium
1155 2253 1249 2314 super
1281 2252 1331 2310 eo,
1363 2233 1453 2315 quod
1486 2232 1526 2295 de

265 2338 407 2423 quodam
432 2339 541 2400 debito
566 2338 625 2399 sibi
650 2336 861 2400 satisfecisset.

366 2445 445 2506 Item
469 2443 608 2506 Johanni
633 2442 724 2506 fabro
749 2443 911 2506 antedicto
943 2443 1114 2506 fideiubuit
1138 2442 1322 2526 Merclynus
1354 2463 1413 2525 pro
1437 2456 1526 2506 ante-

266 2552 352 2614 dicto
375 2551 521 2629 Feleker,
545 2562 576 2612 et
599 2550 769 2632 assumpsit
791 2550 857 2632 ipse
882 2550 1066 2634 Merclynus
1097 2549 1273 2632 producere
1304 2549 1527 2612 testimonium

264 2677 321 2742 per
344 2656 506 2739 quendam
531 2655 588 2736 qui
612 2655 792 2717 vulneravit
815 2655 920 2737 ipsum
949 2655 1139 2734 Johannem‚
1171 2655 1259 2736 quod
1283 2674 1349 2716 non
1374 2655 1441 2737 ipse
1466 2655 1526 2717 Fe·

264 2764 352 2826 leker
374 2762 430 2823 sed
454 2761 508 2822 ille
533 2780 607 2822 eum
631 2760 839 2822 vulnerasset.

368 2868 447 2929 Item
482 2866 645 2929 lohannes
679 2865 824 2929 Gerdnin
867 2879 977 2929 contra
1014 2866 1123 2950 Matey
1166 2867 1271 2950 primo
1309 2867 1422 2930 citatus
1460 2888 1527 2931 non

263 2974 452 3057 comparuit.

369 3080 446 3140 ltem
470 3078 627 3160 judicium
650 3078 704 3138 llll
730 3096 907 3139 marcarum
933 3096 998 3158 quo
1016 3075 1175 3158 Georgius
1195 3074 1335 3160 Dyanini
1359 3097 1416 3161 per
1437 3079 1527 3141 aliud

263 3200 455 3269 quaternum
480 3183 656 3246 dinoscitur
680 3203 747 3245 esse
772 3195 939 3265 agravatus
963 3197 1072 3244 contra
1097 3183 1227 3244 Petrum
1251 3183 1433 3264 piliatorem
1450 3198 1527 3247 tunc

264 3291 413 3373 juratum,
443 3290 538 3351 debet
562 3289 725 3351 exsolvere
750 3289 855 3350 eidem
880 3288 974 3350 Petro
998 3308 1099 3370 usque
1124 3287 1313 3370 quindenas.

367 3396 445 3457 item
468 3415 561 3457 causa
587 3393 687 3457 Curse
712 3407 743 3456 et
768 3394 857 3456 Pauli
881 3408 929 3455 est
952 3393 1058 3457 taliter
1080 3392 1272 3473 adjudicata,
1296 3393 1434 3476 quodsi
1459 3395 1527 3477 ipse

265 3499 365 3562 Curse
390 3501 547 3582 quosdam
572 3520 647 3561 suos
678 3500 783 3561 socios
815 3498 893 3560 feria
916 3513 1002 3560 sexta
1027 3518 1092 3561 non
1116 3512 1242 3577 statuet,
1269 3512 1345 3561 tunc
1377 3501 1526 3583 quitquid

262 3605 392 3688 dampni
417 3606 528 3668 habuit
552 3607 619 3687 ipse
644 3605 761 3667 Paulus
786 3619 817 3666 et
840 3625 935 3687 super
967 3625 1032 3687 quo
1056 3606 1183 3684 iurabit,
1215 3618 1278 3666 tres
1309 3620 1413 3689 partes
1438 3606 1526 3670 idem

267 3710 368 3774 Curse
391 3712 566 3794 subportat.

444 3927 542 4001 leria
569 3939 667 4001 sexta
694 3932 849 4018 proxima
878 3939 955 4000 ante
984 3930 1183 4001 dominicam
1211 3929 1342 4020 judica.

790 4107 851 4176 (17.
876 4102 997 4165 martii).

368 4258 476 4319 Primo
501 4258 665 4319 Janzlinus
682 4258 818 4339 lapicida
835 4272 961 4320 tenetur
985 4259 1109 4321 solvere
1127 4258 1266 4321 Johanni
1290 4279 1392 4341 usque
1409 4257 1526 4322 festum

262 4363 361 4424 sancti
394 4361 525 4443 Georgii
560 4363 600 4423 Ill
631 4383 745 4445 pensas
776 4363 992 4442 denariorum,
1025 4384 1083 4426 nec
1115 4384 1180 4426 non
1211 4384 1314 4446 usque
1346 4364 1528 4447 quindenas

202 4516 209 4531 .
261 4487 359 4530 unam
384 4482 415 4530 et
437 4468 577 4530 mediam
602 4469 712 4529 ulnam
736 4469 833 4550 panni
858 4469 953 4550 grisei
978 4483 1008 4530 et
1031 4469 1116 4530 Xllll
1140 4469 1299 4532 denarios.

368 4573 446 4635 ltem
471 4573 626 4635 Martinus
650 4587 760 4635 contra
784 4574 911 4636 Petrum
934 4575 1039 4657 primo
1064 4576 1178 4637 citatus
1202 4594 1266 4637 non
1291 4575 1481 4660 comparuit.

368 4679 445 4740 ltem
470 4679 611 4741 Bediclra
635 4691 742 4740 contra
761 4679 898 4742 eundem
918 4680 1047 4742 Petrum
1072 4681 1112 4742 ad
1137 4695 1210 4743 octo
1235 4682 1302 4743 dies
1326 4681 1446 4766 recepit
1462 4693 1528 4744 ter·

262 4784 387 4847 minum
412 4784 452 4845 ad
476 4785 749 4867 respondendum.
967 4781 971 4793 '
