3488 5250
732 322 819 379 Anno
842 317 932 398 1356.
955 354 998 365 -
1021 335 1074 397 29.
1098 323 1267 382 novembris.

478 531 555 593 Item
581 532 698 594 Mahen
722 546 832 594 contra
862 531 1062 614 Dragacham
1091 546 1205 594 octavo
1236 532 1288 595 die
1322 534 1559 616 perhemptorie
1588 547 1634 596 te·

373 651 467 700 netur
490 637 694 720 respondere.

479 745 557 806 Item
581 745 685 806 Draxe
710 759 819 806 contra
843 742 1044 806 Anthonium
1067 744 1204 806 condam
1230 744 1369 826 judicem
1394 745 1499 827 primo
1524 746 1637 807 citatus

373 869 439 911 non
463 851 652 932 comparuit.

479 956 558 1017 Item
579 970 693 1018 octavo
710 956 762 1019 die
779 958 818 1020 N.
836 957 1054 1039 carpentarius
1067 973 1177 1019 contra
1194 958 1274 1019 Zore
1292 970 1418 1019 tenetur
1433 955 1627 1038 respondere

478 1062 556 1124 Item
581 1062 706 1124 Blasius
729 1075 838 1124 contra
862 1063 944 1125 Zoro
967 1063 1073 1145 primo
1098 1063 1211 1125 citatus
1234 1082 1300 1124 non
1324 1063 1513 1144 comparuit.

478 1168 558 1230 Item
582 1168 734 1229 Mihelich
760 1181 870 1230 contra
895 1170 1052 1231 Mariuam
1084 1170 1190 1251 primo
1214 1169 1326 1230 citatus
1357 1187 1423 1230 non
1447 1167 1636 1250 comparuit.

478 1274 556 1336 Item
581 1275 689 1336 reIIcta
713 1274 825 1336 Jacobi
849 1273 964 1357 judicis
995 1275 1101 1357 primo
1132 1275 1225 1337 citata
1250 1287 1360 1336 contra
1392 1273 1537 1335 Pezdech
1569 1292 1636 1335 non

373 1381 563 1462 comparuit.

479 1486 556 1548 Item
581 1488 690 1550 relicta
714 1486 931 1550 Mekkochren
963 1501 1071 1549 contra
1103 1486 1226 1550 Obram
1250 1486 1346 1548 Zolar
1376 1483 1518 1548 secundo
1541 1484 1635 1546 citata

373 1609 439 1652 non
467 1594 656 1675 comparuit.

479 1699 556 1760 Item
593 1698 729 1761 Jancech
764 1698 925 1762 aurifaber
963 1713 1072 1761 contra
1109 1699 1244 1761 Paulum
1280 1699 1385 1779 primo
1420 1696 1533 1758 citatus
1567 1713 1633 1756 non

274 1798 275 1801 ¹
373 1805 562 1888 comparuit.

479 1911 557 1973 Item
581 1932 675 1974 cauea
700 1932 763 1994 que
788 1912 920 1974 vertitur
944 1913 1026 1973 inter
1051 1911 1090 1974 G.
1108 1912 1190 1972 Zuik
1214 1926 1245 1973 et
1269 1913 1338 1973 Kua
1361 1931 1397 1972 ac
1422 1909 1552 1992 Endrey
1569 1927 1635 1970 car·

372 2016 500 2079 nificem
524 2019 564 2079 ad
588 2031 661 2080 octo
686 2018 753 2079 dies
777 2032 823 2080 eat
847 2031 1027 2099 prorogata.

478 2124 555 2185 Item
581 2144 674 2185 causa
698 2143 760 2205 que
784 2123 916 2185 vertitur
941 2124 1022 2185 inter
1040 2124 1219 2185 Marketum
1244 2137 1274 2185 et
1292 2125 1435 2186 Marcum
1460 2122 1635 2185 Boniqum

373 2229 412 2291 ad
437 2243 510 2292 octo
535 2231 603 2291 dies
626 2245 673 2292 eat
696 2244 877 2313 prorogata.

511 2450 606 2528 Nota.
635 2450 722 2539 quod
750 2451 784 2519 in
811 2450 928 2538 vigilia
957 2450 1035 2521 festi
1063 2450 1152 2520 beati
1181 2447 1310 2520 tuoree
1338 2449 1493 2538 apostoli.

867 2603 931 2678 (29.
956 2604 1136 2678 novembris).

481 2761 589 2822 Primo
614 2780 706 2821 causa
739 2779 802 2840 que
834 2760 966 2820 vertitur
997 2760 1078 2821 iuter
1109 2760 1148 2820 N.
1173 2775 1204 2822 et
1237 2760 1380 2821 Lucham
1404 2781 1422 2821 a
1447 2759 1525 2821 feria
1549 2773 1635 2822 sexta

375 2868 415 2930 ad
440 2882 513 2929 octo
537 2868 605 2928 dies
629 2882 675 2928 est
698 2880 879 2948 prorogata.

481 2972 558 3033 Item
584 2971 780 3033 Laurentius
810 2970 895 3032 filius
925 2969 1064 3032 Vardich
1096 2985 1204 3033 contra
1230 2972 1256 3032 J.
1281 2970 1390 3033 Ordus
1420 2970 1563 3032 secundo
1593 2971 1636 3031 ci·

374 3093 457 3141 tatus
480 3099 546 3141 non
571 3078 760 3160 comparuit.

478 3184 556 3247 Item
582 3185 626 3247 St.
651 3182 746 3245 frater
777 3184 940 3245 Lourandi
972 3198 1081 3245 contra
1112 3184 1275 3246 Andream
1306 3184 1507 3245 sacerdotem
1531 3169 1636 3266 prImo

374 3290 494 3352 iudicio
518 3305 643 3352 tenetur
666 3288 903 3371 perhemptoria
927 3290 1132 3371 respondere.

480 3398 557 3458 Item
584 3397 727 3457 Marketo
752 3410 860 3457 contra
887 3396 1043 3457 Iacobum
1074 3395 1263 3478 Pintikachy
1294 3397 1399 3478 prImo
1432 3396 1546 3458 citatus
1571 3414 1636 3457 non

374 3503 563 3584 comparuit.

479 3609 557 3669 Item
582 3628 675 3669 causa
699 3628 762 3690 que
786 3608 919 3669 vertitur
950 3609 1031 3668 inter
1057 3609 1099 3670 M.
1135 3608 1273 3669 condam
1306 3608 1443 3670 iudicem
1470 3621 1500 3669 et
1525 3608 1636 3669 Maren

374 3728 515 3776 sutorem
540 3734 558 3774 a
583 3712 660 3774 feria
684 3728 769 3775 sexta
793 3714 833 3774 ad
858 3728 932 3775 octo
950 3714 1018 3775 dies
1043 3727 1090 3775 est
1112 3727 1294 3795 prorogata,
1318 3715 1343 3775 si
1362 3727 1465 3795 partes
1489 3733 1554 3776 noo
1579 3734 1637 3797 po·

374 3834 483 3883 terunt
507 3819 713 3881 concordare.

479 3927 558 3987 Item
582 3925 690 3987 relicta
723 3926 833 3987 Iacobi
866 3926 1004 3988 condam
1035 3926 1150 4007 judicis
1181 3941 1290 3988 contra
1325 3926 1470 3988 Pezdech
1494 3927 1637 3989 secundo

374 4033 469 4095 citata
493 4050 560 4092 non
584 4032 772 4113 comparuit.

478 4137 556 4197 Item
582 4156 661 4198 uxor
685 4137 769 4198 Petri
794 4138 888 4199 Zolar
912 4151 1026 4199 octavo
1051 4138 1103 4199 die
1124 4151 1234 4201 contra
1258 4158 1391 4200 uxorem
1416 4139 1492 4200 Jake
1517 4139 1639 4201 iocula-

373 4241 451 4304 toris
475 4256 540 4303 met
562 4242 702 4304 secunda
725 4242 829 4323 jurare
852 4257 986 4306 tenetur.

479 4348 556 4409 Item
571 4349 691 4430 Ztepka
704 4363 813 4411 contra
831 4369 962 4411 uxorem
976 4348 1122 4412 Cernech
1136 4350 1240 4432 primo
1255 4351 1347 4412 citata
1363 4370 1428 4412 non
1443 4352 1632 4433 comparuit.

479 4454 557 4516 Item
582 4456 621 4518 N.
646 4469 756 4517 contra
781 4456 933 4517 Zaualam
958 4457 1064 4538 primo
1088 4457 1201 4518 citatus
1225 4477 1292 4518 non
1316 4458 1508 4539 comparuit.

479 4560 557 4623 Item
582 4561 725 4623 Francha
748 4578 858 4623 contra
878 4562 917 4623 N.
942 4561 1046 4644 Bolog
1070 4562 1189 4644 recepit
1204 4562 1378 4624 terminum
1402 4563 1442 4625 ad
1467 4578 1540 4625 octo
1564 4563 1634 4626 dies

375 4665 416 4727 td
440 4667 713 4751 respondendum.

480 4773 558 4836 Item
583 4774 679 4836 Iuana
705 4790 813 4836 contra
838 4774 916 4836 Iuan
940 4772 1043 4855 Galga
1067 4761 1208 4837 secundo
1233 4776 1328 4838 citata
1355 4796 1421 4838 non
1449 4775 1640 4860 comparuit.
