3488 5250
617 332 703 388 Anno
728 343 817 408 1355.
842 366 885 376 -
907 347 959 408 251.
983 333 1091 393 martii.

340 539 417 601 ltem
436 540 602 617 Martinus,
631 536 716 602 filius
734 541 874 618 Kemini,
892 554 1002 601 contra
1018 540 1132 601 Petren
1150 554 1180 601 et
1198 539 1375 620 Georgium
1391 541 1496 622 primo

235 647 348 708 citatus
370 665 435 708 non
464 646 654 727 comparuit.
692 715 694 718 ,

340 752 416 813 ltem
442 749 617 831 Gregorius
641 766 749 813 contra
764 753 942 814 lohannem
967 751 1020 812 die
1043 766 1157 813 octavo
1182 751 1277 813 debet
1293 752 1497 834 respondere.

341 856 418 918 ltem
450 876 529 918 uxor
560 857 703 918 Barberii
733 857 784 918 die
816 872 930 919 octavo
963 857 1058 918 debet
1090 857 1252 939 deponere
1281 857 1498 938 juramentum

236 977 301 1024 met
321 962 494 1024 duodecim
520 963 665 1044 personis
696 963 756 1024 sibi
789 963 1012 1025 consimilibus
1043 976 1152 1025 contra
1184 964 1370 1041 Matrinum,
1395 962 1498 1024 filium

242 1067 408 1144 Anthonii,
426 1068 466 1130 de
490 1068 658 1129 oblacione
672 1088 778 1130 rerum
797 1069 963 1131 cuiusdam
980 1069 1092 1130 scrinei
1109 1069 1252 1130 eiusdem
1277 1068 1417 1147 Martini,
1432 1088 1498 1130 non

235 1189 282 1236 est
305 1175 472 1256 particeps,
497 1195 555 1236 nec
580 1174 766 1237 hominibus
790 1175 879 1236 ducis
904 1175 1024 1236 dictum
1053 1176 1213 1237 scrineum
1237 1175 1406 1237 accusavit.

342 1281 418 1341 ltem
443 1281 527 1342 lwan
551 1300 646 1341 nosar
670 1294 700 1342 et
724 1281 770 1342 St.
795 1281 878 1343 tular
903 1280 980 1342 feria
1003 1282 1090 1343 ser'tta
1113 1282 1258 1363 proxima
1282 1296 1354 1363 post
1370 1295 1499 1343 octavas

237 1385 355 1447 Pasche
387 1385 511 1447 domini
542 1387 661 1447 debent
692 1387 829 1467 quilibet
861 1405 974 1448 eorum
1005 1386 1166 1468 deponere
1197 1387 1410 1466 juramentum
1435 1400 1500 1448 met

237 1491 350 1571 viginti
375 1504 513 1572 quatuor
536 1511 568 1552 se
595 1492 709 1573 quinto
733 1512 828 1573 super
852 1491 935 1554 facto
955 1492 1132 1554 homicidio
1157 1493 1323 1555 cuiusdam
1347 1493 1500 1555 mulieris.

343 1597 420 1659 ltem
446 1599 514 1658 Kus
537 1597 678 1660 carnifex
702 1613 811 1659 contra
835 1598 999 1679 quandam
1029 1598 1198 1660 mulierem
1222 1600 1364 1661 secundo
1388 1601 1501 1662 citatus

238 1721 303 1762 non
329 1703 518 1784 comparuit.

343 1809 421 1870 ltem
457 1811 560 1871 Marsa
594 1811 711 1873 mulier
734 1810 786 1872 die
818 1824 932 1872 octavo
962 1811 1057 1873 debet
1088 1811 1249 1893 deponere
1285 1811 1501 1891 juramentum

240 1927 306 1975 met
328 1929 414 1986 sexta
439 1935 533 1997 super
558 1914 640 1977 facto
665 1917 878 1998 percussionis
902 1929 1013 1979 contra
1041 1937 1173 1978 uxorem
1198 1918 1343 1980 Janslini.

344 2020 422 2082 ltem
455 2023 619 2084 Martonos
649 2022 778 2084 sellator
801 2022 853 2084 die
885 2038 999 2085 octavo
1023 2023 1119 2084 debet
1151 2023 1328 2105 producere
1358 2024 1501 2085 testimo·

239 2127 329 2187 nium
353 2147 426 2188 cum
451 2127 558 2189 Paulis
582 2147 737 2209 arcuparo
762 2143 792 2189 et
816 2129 914 2190 lunas
934 2142 1043 2189 contra
1067 2129 1203 2190 Paulum
1230 2137 1384 2190 sartorem
1408 2148 1502 2210 super

242 2231 324 2294 lacto
348 2233 507 2315 vituperii.
834 2293 835 2298 ,

345 2339 422 2400 ltern
448 2340 568 2401 Miltow
588 2355 697 2401 contra
722 2339 883 2402 Oblaham
907 2340 1011 2422 primo
1036 2339 1148 2400 citatus
1171 2360 1236 2401 non
1260 2339 1449 2422 comparuit.

346 2444 424 2505 ltem
454 2445 603 2524 Drusina,
630 2460 718 2507 actor
742 2460 851 2507 contra
876 2447 1031 2507 Jacobum
1059 2445 1186 2523 Pzicha,
1223 2466 1287 2507 non
1326 2445 1413 2506 venit
1445 2464 1503 2507 nec

242 2549 337 2627 misit,
362 2570 418 2631 per
443 2552 582 2612 eundern
607 2552 763 2613 Jacobum
790 2565 982 2634 expectatus.

318 2748 416 2823 Faria
443 2756 551 2824 tercia
579 2755 733 2841 proxima
763 2761 840 2824 ante
868 2754 1067 2824 dominicam
1098 2754 1415 2842 Ramispalmarum.

768 2896 831 2964 (24.
861 2890 984 2963 neartir).

346 3048 424 3109 ltem
437 3047 569 3108 Gurdan
579 3046 749 3108 feriasexta
762 3047 856 3107 debet
865 3044 1270 3126 testimoniumproducere
1280 3064 1352 3105 cum
1361 3044 1503 3105 Hermen

241 3166 272 3214 et
295 3153 398 3214 Bosco
422 3173 530 3214 coram
554 3153 672 3234 quibus
694 3153 761 3235 ipse
785 3153 982 3233 comparavit
1006 3151 1134 3234 publice
1172 3151 1203 3211 in
1230 3149 1300 3212 foro
1325 3149 1501 3229 quemdam

242 3259 432 3340 porcellum,
456 3278 552 3340 quern
576 3260 697 3336 Petrus,
721 3258 804 3319 filius
827 3258 994 3335 Valterini,
1017 3258 1077 3318 sibi
1100 3249 1297 3317 subtractum
1323 3255 1458 3317 dicebat.

348 3364 426 3425 Item
452 3364 604 3425 Marench
630 3378 739 3426 contra
764 3363 842 3425 Vale
867 3363 971 3445 primo
996 3364 1108 3424 citatus
1133 3381 1198 3423 non
1224 3361 1413 3442 comparuit.

348 3471 426 3531 ltem
451 3471 616 3548 Martinus,
640 3469 724 3531 filius
743 3470 884 3547 Kemini,
908 3482 1017 3530 contra
1036 3467 1213 3549 Georgium
1238 3481 1268 3528 et
1293 3468 1408 3527 Patren
1434 3480 1506 3547 post

243 3574 358 3637 festum
384 3575 501 3637 Pasche
526 3576 649 3637 domini
675 3576 779 3657 primo
803 3574 924 3655 judicio
948 3574 1043 3635 debet
1066 3572 1270 3655 respondere.

326 3677 328 3681 ⁴
352 3682 428 3743 ltern
454 3681 579 3742 Blasius
603 3694 712 3742 contra
733 3680 914 3758 Nicolaum,
938 3679 1041 3741 filiunt
1055 3679 1220 3756 Valterini,
1245 3677 1340 3739 debet
1364 3677 1505 3738 testimo·

243 3789 333 3849 nium
357 3788 533 3870 producere
557 3786 635 3849 feria
658 3801 744 3848 sexta
768 3806 862 3870 super
886 3785 968 3847 facto
993 3786 1205 3867 percussionis
1230 3799 1261 3845 et
1284 3784 1443 3865 vituperii.

348 3912 425 3973 ltern
450 3932 466 3973 e
491 3932 647 3974 converso
671 3912 832 3992 predictus
856 3911 1007 3972 Nicolaus
1032 3910 1126 3970 debet
1156 3909 1303 3970 similiter
1328 3908 1505 3989 producere

243 4018 461 4079 testimonium
486 4032 595 4078 contra
622 4017 760 4078 eundem
792 4016 934 4076 Blasium
966 4015 1113 4076 similiter
1145 4034 1241 4096 super
1265 4012 1348 4075 facto
1381 4032 1506 4095 percus·

244 4123 342 4185 sionis
367 4136 397 4184 et
421 4124 580 4205 vituperii.
642 4155 645 4161 ,

351 4229 427 4289 ltern
447 4227 486 4291 G.
503 4228 588 4290 filius
606 4228 684 4290 Suik
701 4240 810 4288 contra
827 4226 970 4287 Blasium
988 4227 1091 4307 primo
1106 4226 1219 4307 citatus
1236 4245 1301 4285 non
1318 4225 1506 4305 comparuit.

351 4334 428 4395 ltettt
456 4334 594 4396 Michael
618 4348 706 4394 sutor
730 4332 808 4393 feria
835 4346 921 4392 sexta
953 4331 1048 4392 debet
1071 4331 1292 4392 testimonium
1330 4330 1507 4412 producere

245 4455 354 4502 contra
371 4441 555 4502 Farcasium
579 4460 652 4501 cum
669 4439 808 4520 quadam
833 4439 1055 4499 tabernatrissa
1069 4452 1099 4498 et
1118 4438 1256 4499 Martino
1281 4437 1398 4498 clerico
1414 4454 1508 4518 super

247 4545 329 4608 facto
354 4546 576 4628 percussionis.

352 4652 429 4713 ltem
453 4651 593 4732 quedam
609 4651 726 4712 mulier
751 4649 782 4710 in
803 4649 976 4731 quindenis
992 4663 1116 4709 tenetur
1132 4649 1255 4709 solvere
1280 4647 1411 4709 domine
1428 4666 1502 4708 con-

248 4760 325 4822 sorti
349 4759 472 4820 domini
497 4760 543 4837 Ρ.,
567 4759 642 4820 dicti
668 4758 795 4839 Loytta,
812 4757 880 4818 sine
904 4755 1063 4817 dilacione
1087 4774 1188 4816 unum
1213 4753 1370 4815 florenum
1395 4769 1426 4814 et
1448 4751 1508 4812 XX

244 4883 454 4949 vyennenses.
