<?xml version="1.0" encoding="UTF-8"?>
<!DOCTYPE html PUBLIC "-//W3C//DTD XHTML 1.0 Transitional//EN"
    "http://www.w3.org/TR/xhtml1/DTD/xhtml1-transitional.dtd">
<html xmlns="http://www.w3.org/1999/xhtml" xml:lang="en" lang="en">
 <head>
  <title>
</title>
<meta http-equiv="Content-Type" content="text/html;charset=utf-8" />
  <meta name='ocr-system' content='tesseract 3.04.00' />
  <meta name='ocr-capabilities' content='ocr_page ocr_carea ocr_par ocr_line ocrx_word'/>
</head>
<body>
  <div class='ocr_page' id='page_1' title='image "./monumentahistor08laszgoog/monumentahistor08laszgoog_0182.png"; bbox 0 0 3488 5250; ppageno 0'>
   <div class='ocr_carea' id='block_1_1' title="bbox 621 324 1494 403">
    <p class='ocr_par' dir='ltr' id='par_1_1' title="bbox 621 324 1494 403">
     <span class='ocr_line' id='line_1_1' title="bbox 621 324 1494 403; baseline -0.005 -18"><span class='ocrx_word' id='word_1_1' title='bbox 621 328 818 403; x_wconf 72' lang='lat' dir='ltr'>Anno1559.</span> <span class='ocrx_word' id='word_1_2' title='bbox 841 361 885 369; x_wconf 95' lang='lat'>-</span> <span class='ocrx_word' id='word_1_3' title='bbox 908 324 958 385; x_wconf 85' lang='lat'>16.</span> <span class='ocrx_word' id='word_1_4' title='bbox 982 325 1108 400; x_wconf 82' lang='lat' dir='ltr'><em>augusti.</em></span> <span class='ocrx_word' id='word_1_5' title='bbox 1438 341 1494 402; x_wconf 84' lang='lat'>¹35</span> 
     </span>
    </p>
   </div>
   <div class='ocr_carea' id='block_1_2' title="bbox 239 531 1504 3473">
    <p class='ocr_par' dir='ltr' id='par_1_2' title="bbox 240 531 1501 724">
     <span class='ocr_line' id='line_1_2' title="bbox 345 531 1501 616; baseline -0.003 -20"><span class='ocrx_word' id='word_1_6' title='bbox 345 537 422 598; x_wconf 87' lang='lat' dir='ltr'>Item</span> <span class='ocrx_word' id='word_1_7' title='bbox 448 535 644 599; x_wconf 85' lang='lat' dir='ltr'>Laurencius</span> <span class='ocrx_word' id='word_1_8' title='bbox 667 534 806 598; x_wconf 90' lang='lat' dir='ltr'>Vardich</span> <span class='ocrx_word' id='word_1_9' title='bbox 829 540 940 597; x_wconf 84' lang='lat' dir='ltr'>con&#39;tra</span> <span class='ocrx_word' id='word_1_10' title='bbox 964 533 1143 615; x_wconf 84' lang='lat' dir='ltr'>Georgium</span> <span class='ocrx_word' id='word_1_11' title='bbox 1169 533 1275 616; x_wconf 91' lang='lat' dir='ltr'>primo</span> <span class='ocrx_word' id='word_1_12' title='bbox 1299 531 1412 595; x_wconf 85' lang='lat' dir='ltr'>citatus</span> <span class='ocrx_word' id='word_1_13' title='bbox 1435 549 1501 592; x_wconf 91' lang='lat' dir='ltr'>non</span> 
     </span>
     <span class='ocr_line' id='line_1_3' title="bbox 240 637 922 724; baseline -0.003 -19"><span class='ocrx_word' id='word_1_14' title='bbox 240 642 430 724; x_wconf 81' lang='lat' dir='ltr'><strong>comparuit.</strong></span> <span class='ocrx_word' id='word_1_15' title='bbox 919 637 922 643; x_wconf 77' lang='grc'><strong>’</strong></span> 
     </span>
    </p>

    <p class='ocr_par' dir='ltr' id='par_1_3' title="bbox 240 743 1501 937">
     <span class='ocr_line' id='line_1_4' title="bbox 347 743 1501 826; baseline -0.004 -18"><span class='ocrx_word' id='word_1_16' title='bbox 347 746 425 809; x_wconf 90' lang='lat' dir='ltr'>Item</span> <span class='ocrx_word' id='word_1_17' title='bbox 450 748 624 809; x_wconf 88' lang='lat' dir='ltr'>Krauturm</span> <span class='ocrx_word' id='word_1_18' title='bbox 641 761 750 810; x_wconf 88' lang='lat' dir='ltr'>contra</span> <span class='ocrx_word' id='word_1_19' title='bbox 775 747 931 809; x_wconf 87' lang='lat' dir='ltr'>Iacobum</span> <span class='ocrx_word' id='word_1_20' title='bbox 948 746 988 807; x_wconf 90' lang='lat' dir='ltr'>ad</span> <span class='ocrx_word' id='word_1_21' title='bbox 1013 759 1086 807; x_wconf 92' lang='lat' dir='ltr'>octo</span> <span class='ocrx_word' id='word_1_22' title='bbox 1102 744 1171 805; x_wconf 87' lang='lat' dir='ltr'>dies</span> <span class='ocrx_word' id='word_1_23' title='bbox 1194 744 1313 826; x_wconf 88' lang='lat' dir='ltr'>recepit</span> <span class='ocrx_word' id='word_1_24' title='bbox 1328 743 1501 805; x_wconf 89' lang='lat' dir='ltr'>terminum</span> 
     </span>
     <span class='ocr_line' id='line_1_5' title="bbox 240 854 577 937; baseline 0 -21"><span class='ocrx_word' id='word_1_25' title='bbox 240 855 279 917; x_wconf 89' lang='lat' dir='ltr'>ad</span> <span class='ocrx_word' id='word_1_26' title='bbox 304 854 577 937; x_wconf 89' lang='lat' dir='ltr'>respondendum.</span> 
     </span>
    </p>

    <p class='ocr_par' dir='ltr' id='par_1_4' title="bbox 239 955 1503 1155">
     <span class='ocr_line' id='line_1_6' title="bbox 345 955 1503 1039; baseline -0.006 -18"><span class='ocrx_word' id='word_1_27' title='bbox 345 961 422 1022; x_wconf 87' lang='lat' dir='ltr'>Item</span> <span class='ocrx_word' id='word_1_28' title='bbox 448 961 583 1023; x_wconf 89' lang='lat' dir='ltr'>Peterko</span> <span class='ocrx_word' id='word_1_29' title='bbox 607 971 695 1020; x_wconf 86' lang='lat' dir='ltr'>sutor</span> <span class='ocrx_word' id='word_1_30' title='bbox 727 972 836 1020; x_wconf 92' lang='lat' dir='ltr'>contra</span> <span class='ocrx_word' id='word_1_31' title='bbox 864 958 1029 1020; x_wconf 78' lang='lat' dir='ltr'>Andream</span> <span class='ocrx_word' id='word_1_32' title='bbox 1060 957 1166 1039; x_wconf 89' lang='lat' dir='ltr'>primo</span> <span class='ocrx_word' id='word_1_33' title='bbox 1190 955 1303 1018; x_wconf 90' lang='lat' dir='ltr'>citatus</span> <span class='ocrx_word' id='word_1_34' title='bbox 1326 974 1391 1016; x_wconf 93' lang='lat' dir='ltr'>non</span> <span class='ocrx_word' id='word_1_35' title='bbox 1416 972 1503 1016; x_wconf 60' lang='lat' dir='ltr'>com*</span> 
     </span>
     <span class='ocr_line' id='line_1_7' title="bbox 239 1059 1302 1155; baseline -0.002 -27"><span class='ocrx_word' id='word_1_36' title='bbox 239 1066 355 1148; x_wconf 84' lang='lat' dir='ltr'>paruit.</span> <span class='ocrx_word' id='word_1_37' title='bbox 458 1140 474 1155; x_wconf 74' lang='lat'>.</span> <span class='ocrx_word' id='word_1_38' title='bbox 1296 1059 1302 1069; x_wconf 82' lang='lat'>&#39;</span> 
     </span>
    </p>

    <p class='ocr_par' dir='ltr' id='par_1_5' title="bbox 240 1165 1504 1358">
     <span class='ocr_line' id='line_1_8' title="bbox 346 1165 1504 1252; baseline -0.005 -20"><span class='ocrx_word' id='word_1_39' title='bbox 346 1171 424 1232; x_wconf 88' lang='lat' dir='ltr'>Item</span> <span class='ocrx_word' id='word_1_40' title='bbox 456 1170 583 1233; x_wconf 87' lang='lat' dir='ltr'>Marcus</span> <span class='ocrx_word' id='word_1_41' title='bbox 614 1170 780 1232; x_wconf 86' lang='lat' dir='ltr'>Bobkonis</span> <span class='ocrx_word' id='word_1_42' title='bbox 811 1183 921 1233; x_wconf 87' lang='lat' dir='ltr'>contra</span> <span class='ocrx_word' id='word_1_43' title='bbox 953 1173 1063 1252; x_wconf 78' lang='lat' dir='ltr'>Arnay</span> <span class='ocrx_word' id='word_1_44' title='bbox 1092 1181 1235 1229; x_wconf 90' lang='lat' dir='ltr'>sutorem</span> <span class='ocrx_word' id='word_1_45' title='bbox 1257 1166 1363 1249; x_wconf 90' lang='lat' dir='ltr'>primo</span> <span class='ocrx_word' id='word_1_46' title='bbox 1390 1165 1504 1228; x_wconf 87' lang='lat' dir='ltr'>citatus</span> 
     </span>
     <span class='ocr_line' id='line_1_9' title="bbox 240 1260 690 1358; baseline 0.002 -21"><span class='ocrx_word' id='word_1_47' title='bbox 240 1294 305 1338; x_wconf 92' lang='lat' dir='ltr'>non</span> <span class='ocrx_word' id='word_1_48' title='bbox 330 1277 518 1358; x_wconf 82' lang='lat' dir='ltr'>comparuit.</span> <span class='ocrx_word' id='word_1_49' title='bbox 686 1260 690 1267; x_wconf 59' lang='grc'>’</span> 
     </span>
    </p>

    <p class='ocr_par' dir='ltr' id='par_1_6' title="bbox 240 1377 1504 1568">
     <span class='ocr_line' id='line_1_10' title="bbox 347 1377 1504 1464; baseline -0.003 -21"><span class='ocrx_word' id='word_1_50' title='bbox 347 1381 424 1443; x_wconf 88' lang='lat' dir='ltr'>Item</span> <span class='ocrx_word' id='word_1_51' title='bbox 449 1382 588 1443; x_wconf 86' lang='lat' dir='ltr'>Iacobus</span> <span class='ocrx_word' id='word_1_52' title='bbox 604 1382 732 1443; x_wconf 83' lang='lat' dir='ltr'>ZIrotira</span> <span class='ocrx_word' id='word_1_53' title='bbox 757 1394 871 1443; x_wconf 89' lang='lat' dir='ltr'>octavo</span> <span class='ocrx_word' id='word_1_54' title='bbox 888 1381 940 1442; x_wconf 91' lang='lat' dir='ltr'>die</span> <span class='ocrx_word' id='word_1_55' title='bbox 965 1399 1022 1464; x_wconf 89' lang='lat' dir='ltr'>per</span> <span class='ocrx_word' id='word_1_56' title='bbox 1037 1378 1183 1442; x_wconf 89' lang='lat' dir='ltr'>Cernech</span> <span class='ocrx_word' id='word_1_57' title='bbox 1200 1390 1231 1439; x_wconf 89' lang='lat' dir='ltr'>et</span> <span class='ocrx_word' id='word_1_58' title='bbox 1248 1377 1377 1460; x_wconf 89' lang='lat' dir='ltr'>Endrey</span> <span class='ocrx_word' id='word_1_59' title='bbox 1393 1389 1504 1440; x_wconf 81' lang='lat' dir='ltr'>contra</span> 
     </span>
     <span class='ocr_line' id='line_1_11' title="bbox 240 1486 1040 1568; baseline 0.001 -20"><span class='ocrx_word' id='word_1_60' title='bbox 240 1486 434 1548; x_wconf 85' lang='lat' dir='ltr'>Damianum</span> <span class='ocrx_word' id='word_1_61' title='bbox 459 1487 678 1548; x_wconf 89' lang='lat' dir='ltr'>testimonium</span> <span class='ocrx_word' id='word_1_62' title='bbox 702 1486 880 1568; x_wconf 88' lang='lat' dir='ltr'>producere</span> <span class='ocrx_word' id='word_1_63' title='bbox 904 1498 1040 1549; x_wconf 89' lang='lat' dir='ltr'>tenetur.</span> 
     </span>
    </p>

    <p class='ocr_par' dir='ltr' id='par_1_7' title="bbox 241 1589 1504 1780">
     <span class='ocr_line' id='line_1_12' title="bbox 346 1589 1504 1675; baseline 0.001 -25"><span class='ocrx_word' id='word_1_64' title='bbox 346 1591 424 1653; x_wconf 86' lang='lat' dir='ltr'><strong>Item</strong></span> <span class='ocrx_word' id='word_1_65' title='bbox 449 1592 560 1654; x_wconf 90' lang='lat' dir='ltr'>Petrus</span> <span class='ocrx_word' id='word_1_66' title='bbox 585 1592 704 1675; x_wconf 89' lang='lat' dir='ltr'>Loytra</span> <span class='ocrx_word' id='word_1_67' title='bbox 728 1606 837 1653; x_wconf 90' lang='lat' dir='ltr'>contra</span> <span class='ocrx_word' id='word_1_68' title='bbox 867 1592 997 1653; x_wconf 89' lang='lat' dir='ltr'>Petrum</span> <span class='ocrx_word' id='word_1_69' title='bbox 1022 1591 1140 1652; x_wconf 89' lang='lat' dir='ltr'>Donati</span> <span class='ocrx_word' id='word_1_70' title='bbox 1173 1589 1287 1672; x_wconf 84' lang='lat' dir='ltr'>judicis</span> <span class='ocrx_word' id='word_1_71' title='bbox 1310 1589 1343 1650; x_wconf 92' lang='lat' dir='ltr'>in</span> <span class='ocrx_word' id='word_1_72' title='bbox 1366 1607 1504 1671; x_wconf 80' lang='lat' dir='ltr'>persona</span> 
     </span>
     <span class='ocr_line' id='line_1_13' title="bbox 241 1697 785 1780; baseline 0.004 -22"><span class='ocrx_word' id='word_1_73' title='bbox 241 1697 347 1779; x_wconf 91' lang='lat' dir='ltr'>primo</span> <span class='ocrx_word' id='word_1_74' title='bbox 372 1697 485 1759; x_wconf 89' lang='lat' dir='ltr'>citatus</span> <span class='ocrx_word' id='word_1_75' title='bbox 506 1716 572 1759; x_wconf 90' lang='lat' dir='ltr'>uon</span> <span class='ocrx_word' id='word_1_76' title='bbox 596 1698 785 1780; x_wconf 81' lang='lat' dir='ltr'>comparuit.</span> 
     </span>
    </p>

    <p class='ocr_par' dir='ltr' id='par_1_8' title="bbox 344 1802 1458 1885">
     <span class='ocr_line' id='line_1_14' title="bbox 344 1802 1458 1885; baseline 0.001 -22"><span class='ocrx_word' id='word_1_77' title='bbox 344 1802 422 1864; x_wconf 85' lang='lat' dir='ltr'>Item</span> <span class='ocrx_word' id='word_1_78' title='bbox 447 1803 560 1884; x_wconf 81' lang='lat' dir='ltr'>Artuig</span> <span class='ocrx_word' id='word_1_79' title='bbox 584 1816 693 1865; x_wconf 89' lang='lat' dir='ltr'>contra</span> <span class='ocrx_word' id='word_1_80' title='bbox 718 1803 889 1865; x_wconf 82' lang='lat' dir='ltr'>Nicolaum</span> <span class='ocrx_word' id='word_1_81' title='bbox 912 1803 1019 1885; x_wconf 87' lang='lat' dir='ltr'>primo</span> <span class='ocrx_word' id='word_1_82' title='bbox 1042 1802 1156 1865; x_wconf 88' lang='lat' dir='ltr'>citatus</span> <span class='ocrx_word' id='word_1_83' title='bbox 1179 1821 1244 1864; x_wconf 91' lang='lat' dir='ltr'>non</span> <span class='ocrx_word' id='word_1_84' title='bbox 1268 1802 1458 1884; x_wconf 81' lang='lat' dir='ltr'>comparuit.</span> 
     </span>
    </p>

    <p class='ocr_par' dir='ltr' id='par_1_9' title="bbox 239 1905 1502 2203">
     <span class='ocr_line' id='line_1_15' title="bbox 347 1905 1501 1992; baseline 0 -23"><span class='ocrx_word' id='word_1_85' title='bbox 347 1908 424 1969; x_wconf 90' lang='lat' dir='ltr'>Item</span> <span class='ocrx_word' id='word_1_86' title='bbox 448 1907 578 1990; x_wconf 82' lang='lat' dir='ltr'>jobagio</span> <span class='ocrx_word' id='word_1_87' title='bbox 609 1909 693 1971; x_wconf 90' lang='lat' dir='ltr'>Petri</span> <span class='ocrx_word' id='word_1_88' title='bbox 718 1909 836 1992; x_wconf 87' lang='lat' dir='ltr'>Loytra</span> <span class='ocrx_word' id='word_1_89' title='bbox 859 1927 956 1991; x_wconf 90' lang='lat' dir='ltr'>super</span> <span class='ocrx_word' id='word_1_90' title='bbox 986 1908 1152 1989; x_wconf 86' lang='lat' dir='ltr'>vituperiis</span> <span class='ocrx_word' id='word_1_91' title='bbox 1183 1920 1215 1970; x_wconf 90' lang='lat' dir='ltr'>et</span> <span class='ocrx_word' id='word_1_92' title='bbox 1244 1906 1330 1990; x_wconf 87' lang='lat' dir='ltr'>sepis</span> <span class='ocrx_word' id='word_1_93' title='bbox 1358 1905 1501 1970; x_wconf 85' lang='lat' dir='ltr'>confrac-</span> 
     </span>
     <span class='ocr_line' id='line_1_16' title="bbox 239 2009 1502 2094; baseline 0 -20"><span class='ocrx_word' id='word_1_94' title='bbox 239 2014 332 2076; x_wconf 89' lang='lat' dir='ltr'>cione</span> <span class='ocrx_word' id='word_1_95' title='bbox 363 2028 473 2075; x_wconf 87' lang='lat' dir='ltr'>contra</span> <span class='ocrx_word' id='word_1_96' title='bbox 504 2015 582 2076; x_wconf 93' lang='lat' dir='ltr'>Iuan</span> <span class='ocrx_word' id='word_1_97' title='bbox 614 2014 834 2077; x_wconf 89' lang='lat' dir='ltr'>Chidauchich</span> <span class='ocrx_word' id='word_1_98' title='bbox 866 2027 933 2076; x_wconf 89' lang='lat' dir='ltr'>met</span> <span class='ocrx_word' id='word_1_99' title='bbox 956 2013 1072 2075; x_wconf 85' lang='lat' dir='ltr'>tercius</span> <span class='ocrx_word' id='word_1_100' title='bbox 1099 2026 1213 2075; x_wconf 89' lang='lat' dir='ltr'>octavo</span> <span class='ocrx_word' id='word_1_101' title='bbox 1245 2009 1296 2075; x_wconf 92' lang='lat' dir='ltr'>die</span> <span class='ocrx_word' id='word_1_102' title='bbox 1320 2012 1502 2094; x_wconf 88' lang='lat' dir='ltr'>juramento</span> 
     </span>
     <span class='ocr_line' id='line_1_17' title="bbox 241 2119 818 2203; baseline 0.003 -23"><span class='ocrx_word' id='word_1_103' title='bbox 241 2119 404 2181; x_wconf 81' lang='lat' dir='ltr'>mediante</span> <span class='ocrx_word' id='word_1_104' title='bbox 428 2139 460 2181; x_wconf 87' lang='lat' dir='ltr'>se</span> <span class='ocrx_word' id='word_1_105' title='bbox 485 2139 659 2203; x_wconf 78' lang='lat' dir='ltr'>expurgare</span> <span class='ocrx_word' id='word_1_106' title='bbox 683 2133 818 2182; x_wconf 90' lang='lat' dir='ltr'>tenetur.</span> 
     </span>
    </p>

    <p class='ocr_par' dir='ltr' id='par_1_10' title="bbox 239 2225 1504 2521">
     <span class='ocr_line' id='line_1_18' title="bbox 347 2225 1504 2309; baseline 0.002 -22"><span class='ocrx_word' id='word_1_107' title='bbox 347 2226 425 2288; x_wconf 87' lang='lat' dir='ltr'>Item</span> <span class='ocrx_word' id='word_1_108' title='bbox 449 2240 563 2289; x_wconf 89' lang='lat' dir='ltr'>octavo</span> <span class='ocrx_word' id='word_1_109' title='bbox 587 2226 639 2288; x_wconf 91' lang='lat' dir='ltr'>die</span> <span class='ocrx_word' id='word_1_110' title='bbox 663 2226 809 2289; x_wconf 85' lang='lat' dir='ltr'>Andreas</span> <span class='ocrx_word' id='word_1_111' title='bbox 833 2225 954 2307; x_wconf 85' lang='lat' dir='ltr'>juratus</span> <span class='ocrx_word' id='word_1_112' title='bbox 977 2245 1034 2308; x_wconf 90' lang='lat' dir='ltr'>per</span> <span class='ocrx_word' id='word_1_113' title='bbox 1051 2225 1253 2309; x_wconf 86' lang='lat' dir='ltr'>Merclynum</span> <span class='ocrx_word' id='word_1_114' title='bbox 1276 2239 1308 2286; x_wconf 88' lang='lat' dir='ltr'>et</span> <span class='ocrx_word' id='word_1_115' title='bbox 1330 2242 1504 2308; x_wconf 87' lang='lat' dir='ltr'>preconem</span> 
     </span>
     <span class='ocr_line' id='line_1_19' title="bbox 239 2330 1502 2416; baseline -0.001 -24"><span class='ocrx_word' id='word_1_116' title='bbox 239 2345 348 2394; x_wconf 87' lang='lat' dir='ltr'>contra</span> <span class='ocrx_word' id='word_1_117' title='bbox 372 2330 476 2394; x_wconf 89' lang='lat' dir='ltr'>filium</span> <span class='ocrx_word' id='word_1_118' title='bbox 500 2332 656 2394; x_wconf 86' lang='lat' dir='ltr'>Iohannis</span> <span class='ocrx_word' id='word_1_119' title='bbox 678 2331 719 2394; x_wconf 89' lang='lat' dir='ltr'>de</span> <span class='ocrx_word' id='word_1_120' title='bbox 744 2330 946 2394; x_wconf 88' lang='lat' dir='ltr'>Dezicheuch</span> <span class='ocrx_word' id='word_1_121' title='bbox 970 2350 1065 2416; x_wconf 90' lang='lat' dir='ltr'>super</span> <span class='ocrx_word' id='word_1_122' title='bbox 1092 2331 1258 2414; x_wconf 75' lang='lat' dir='ltr'>vituperiis</span> <span class='ocrx_word' id='word_1_123' title='bbox 1281 2331 1502 2394; x_wconf 84' lang='lat' dir='ltr'>testimonium</span> 
     </span>
     <span class='ocr_line' id='line_1_20' title="bbox 240 2437 577 2521; baseline 0.003 -21"><span class='ocrx_word' id='word_1_124' title='bbox 240 2437 418 2521; x_wconf 89' lang='lat' dir='ltr'>producere</span> <span class='ocrx_word' id='word_1_125' title='bbox 441 2452 577 2502; x_wconf 86' lang='lat' dir='ltr'>tenetur.</span> 
     </span>
    </p>

    <p class='ocr_par' dir='ltr' id='par_1_11' title="bbox 345 2541 1503 2624">
     <span class='ocr_line' id='line_1_21' title="bbox 345 2541 1503 2624; baseline -0.003 -19"><span class='ocrx_word' id='word_1_126' title='bbox 345 2544 423 2606; x_wconf 92' lang='lat' dir='ltr'>Item</span> <span class='ocrx_word' id='word_1_127' title='bbox 447 2544 545 2606; x_wconf 88' lang='lat' dir='ltr'>Juuas</span> <span class='ocrx_word' id='word_1_128' title='bbox 568 2557 683 2607; x_wconf 89' lang='lat' dir='ltr'>octavo</span> <span class='ocrx_word' id='word_1_129' title='bbox 700 2544 751 2605; x_wconf 91' lang='lat' dir='ltr'>die</span> <span class='ocrx_word' id='word_1_130' title='bbox 775 2556 885 2607; x_wconf 89' lang='lat' dir='ltr'>contra</span> <span class='ocrx_word' id='word_1_131' title='bbox 902 2542 1140 2605; x_wconf 89' lang='lat' dir='ltr'>Lancholotum</span> <span class='ocrx_word' id='word_1_132' title='bbox 1156 2541 1350 2624; x_wconf 80' lang='lat' dir='ltr'>respondere</span> <span class='ocrx_word' id='word_1_133' title='bbox 1366 2554 1503 2603; x_wconf 89' lang='lat' dir='ltr'>tenetur.</span> 
     </span>
    </p>

    <p class='ocr_par' dir='ltr' id='par_1_12' title="bbox 240 2647 1504 2838">
     <span class='ocr_line' id='line_1_22' title="bbox 346 2647 1504 2732; baseline 0 -22"><span class='ocrx_word' id='word_1_134' title='bbox 346 2650 425 2711; x_wconf 90' lang='lat' dir='ltr'>Item</span> <span class='ocrx_word' id='word_1_135' title='bbox 450 2669 529 2711; x_wconf 82' lang='lat' dir='ltr'>uxor</span> <span class='ocrx_word' id='word_1_136' title='bbox 558 2650 636 2711; x_wconf 87' lang='lat' dir='ltr'>luan</span> <span class='ocrx_word' id='word_1_137' title='bbox 668 2649 817 2732; x_wconf 86' lang='lat' dir='ltr'>preconia</span> <span class='ocrx_word' id='word_1_138' title='bbox 847 2662 958 2711; x_wconf 88' lang='lat' dir='ltr'>contra</span> <span class='ocrx_word' id='word_1_139' title='bbox 989 2649 1096 2712; x_wconf 89' lang='lat' dir='ltr'>Petres</span> <span class='ocrx_word' id='word_1_140' title='bbox 1128 2647 1309 2711; x_wconf 85' lang='lat' dir='ltr'>carnificem</span> <span class='ocrx_word' id='word_1_141' title='bbox 1331 2647 1437 2730; x_wconf 90' lang='lat' dir='ltr'>primo</span> <span class='ocrx_word' id='word_1_142' title='bbox 1460 2647 1504 2710; x_wconf 91' lang='lat' dir='ltr'>ci·</span> 
     </span>
     <span class='ocr_line' id='line_1_23' title="bbox 240 2755 606 2838; baseline -0.003 -21"><span class='ocrx_word' id='word_1_143' title='bbox 240 2768 303 2817; x_wconf 85' lang='lat' dir='ltr'>tata</span> <span class='ocrx_word' id='word_1_144' title='bbox 327 2775 393 2817; x_wconf 91' lang='lat' dir='ltr'>non</span> <span class='ocrx_word' id='word_1_145' title='bbox 417 2755 606 2838; x_wconf 83' lang='lat' dir='ltr'>comparuit.</span> 
     </span>
    </p>

    <p class='ocr_par' dir='ltr' id='par_1_13' title="bbox 346 2859 1398 2943">
     <span class='ocr_line' id='line_1_24' title="bbox 346 2859 1398 2943; baseline -0.001 -20"><span class='ocrx_word' id='word_1_146' title='bbox 346 2862 424 2923; x_wconf 90' lang='lat' dir='ltr'>Item</span> <span class='ocrx_word' id='word_1_147' title='bbox 449 2861 547 2941; x_wconf 73' lang='lat' dir='ltr'>Paula</span> <span class='ocrx_word' id='word_1_148' title='bbox 572 2873 682 2923; x_wconf 88' lang='lat' dir='ltr'>contra</span> <span class='ocrx_word' id='word_1_149' title='bbox 705 2861 847 2923; x_wconf 89' lang='lat' dir='ltr'>Blasium</span> <span class='ocrx_word' id='word_1_150' title='bbox 872 2861 978 2943; x_wconf 86' lang='lat' dir='ltr'>prImo</span> <span class='ocrx_word' id='word_1_151' title='bbox 1002 2860 1096 2922; x_wconf 91' lang='lat' dir='ltr'>citata</span> <span class='ocrx_word' id='word_1_152' title='bbox 1119 2880 1185 2923; x_wconf 89' lang='lat' dir='ltr'>non</span> <span class='ocrx_word' id='word_1_153' title='bbox 1208 2859 1398 2942; x_wconf 89' lang='lat' dir='ltr'>comparuit.</span> 
     </span>
    </p>

    <p class='ocr_par' dir='ltr' id='par_1_14' title="bbox 241 2966 1503 3153">
     <span class='ocr_line' id='line_1_25' title="bbox 347 2966 1503 3048; baseline 0 -19"><span class='ocrx_word' id='word_1_154' title='bbox 347 2968 425 3030; x_wconf 90' lang='lat' dir='ltr'>Item</span> <span class='ocrx_word' id='word_1_155' title='bbox 449 2981 563 3029; x_wconf 85' lang='lat' dir='ltr'>octavo</span> <span class='ocrx_word' id='word_1_156' title='bbox 587 2967 639 3029; x_wconf 90' lang='lat' dir='ltr'>die</span> <span class='ocrx_word' id='word_1_157' title='bbox 672 2966 872 3048; x_wconf 80' lang='lat' dir='ltr'>Margaretha</span> <span class='ocrx_word' id='word_1_158' title='bbox 904 2967 1099 3030; x_wconf 84' lang='lat' dir='ltr'>Brodaricha</span> <span class='ocrx_word' id='word_1_159' title='bbox 1130 2980 1195 3030; x_wconf 91' lang='lat' dir='ltr'>met</span> <span class='ocrx_word' id='word_1_160' title='bbox 1224 2967 1364 3030; x_wconf 84' lang='lat' dir='ltr'>secunda</span> <span class='ocrx_word' id='word_1_161' title='bbox 1394 2980 1503 3030; x_wconf 88' lang='lat' dir='ltr'>contra</span> 
     </span>
     <span class='ocr_line' id='line_1_26' title="bbox 241 3072 683 3153; baseline 0.002 -19"><span class='ocrx_word' id='word_1_162' title='bbox 241 3073 424 3136; x_wconf 87' lang='lat' dir='ltr'>Farcasium</span> <span class='ocrx_word' id='word_1_163' title='bbox 448 3072 553 3153; x_wconf 90' lang='lat' dir='ltr'>jurare</span> <span class='ocrx_word' id='word_1_164' title='bbox 578 3072 683 3135; x_wconf 91' lang='lat' dir='ltr'>debet.</span> 
     </span>
    </p>

    <p class='ocr_par' dir='ltr' id='par_1_15' title="bbox 243 3178 1504 3367">
     <span class='ocr_line' id='line_1_27' title="bbox 347 3178 1504 3258; baseline 0 -18"><span class='ocrx_word' id='word_1_165' title='bbox 347 3180 427 3242; x_wconf 90' lang='lat' dir='ltr'>Item</span> <span class='ocrx_word' id='word_1_166' title='bbox 452 3179 526 3241; x_wconf 90' lang='lat' dir='ltr'>iicet</span> <span class='ocrx_word' id='word_1_167' title='bbox 548 3178 702 3241; x_wconf 90' lang='lat' dir='ltr'>Nicolaus</span> <span class='ocrx_word' id='word_1_168' title='bbox 718 3179 792 3241; x_wconf 88' lang='lat' dir='ltr'>Zirir</span> <span class='ocrx_word' id='word_1_169' title='bbox 817 3178 963 3243; x_wconf 88' lang='lat' dir='ltr'>Cernech</span> <span class='ocrx_word' id='word_1_170' title='bbox 979 3180 1122 3243; x_wconf 85' lang='lat' dir='ltr'>secundo</span> <span class='ocrx_word' id='word_1_171' title='bbox 1134 3181 1296 3258; x_wconf 86' lang='lat' dir='ltr'>citaverat,</span> <span class='ocrx_word' id='word_1_172' title='bbox 1312 3193 1419 3242; x_wconf 89' lang='lat' dir='ltr'>tamen</span> <span class='ocrx_word' id='word_1_173' title='bbox 1437 3198 1504 3241; x_wconf 91' lang='lat' dir='ltr'>non</span> 
     </span>
     <span class='ocr_line' id='line_1_28' title="bbox 243 3284 853 3367; baseline 0.007 -22"><span class='ocrx_word' id='word_1_174' title='bbox 243 3286 331 3347; x_wconf 90' lang='lat' dir='ltr'>venit</span> <span class='ocrx_word' id='word_1_175' title='bbox 354 3298 462 3347; x_wconf 92' lang='lat' dir='ltr'>contra</span> <span class='ocrx_word' id='word_1_176' title='bbox 487 3285 592 3367; x_wconf 86' lang='lat' dir='ltr'>ipsum</span> <span class='ocrx_word' id='word_1_177' title='bbox 616 3284 656 3346; x_wconf 93' lang='lat' dir='ltr'>ad</span> <span class='ocrx_word' id='word_1_178' title='bbox 680 3285 853 3366; x_wconf 81' lang='lat' dir='ltr'>agendum.</span> 
     </span>
    </p>

    <p class='ocr_par' dir='ltr' id='par_1_16' title="bbox 348 3389 1294 3473">
     <span class='ocr_line' id='line_1_29' title="bbox 348 3389 1294 3473; baseline 0.002 -21"><span class='ocrx_word' id='word_1_179' title='bbox 348 3392 426 3453; x_wconf 90' lang='lat' dir='ltr'>Item</span> <span class='ocrx_word' id='word_1_180' title='bbox 451 3390 634 3453; x_wconf 84' lang='lat' dir='ltr'>Radozlaus</span> <span class='ocrx_word' id='word_1_181' title='bbox 659 3389 799 3453; x_wconf 80' lang='lat' dir='ltr'>carnifex</span> <span class='ocrx_word' id='word_1_182' title='bbox 824 3390 950 3453; x_wconf 87' lang='lat' dir='ltr'>Mikech</span> <span class='ocrx_word' id='word_1_183' title='bbox 978 3389 1116 3473; x_wconf 90' lang='lat' dir='ltr'>Kaplich</span> <span class='ocrx_word' id='word_1_184' title='bbox 1139 3390 1294 3455; x_wconf 87' lang='lat' dir='ltr'>similiter.</span> 
     </span>
    </p>
   </div>
   <div class='ocr_carea' id='block_1_3' title="bbox 328 3607 1438 3841">
    <p class='ocr_par' dir='ltr' id='par_1_17' title="bbox 328 3607 1438 3841">
     <span class='ocr_line' id='line_1_30' title="bbox 328 3607 1438 3702; baseline -0.002 -20"><span class='ocrx_word' id='word_1_185' title='bbox 328 3607 424 3683; x_wconf 78' lang='lat' dir='ltr'>Faria</span> <span class='ocrx_word' id='word_1_186' title='bbox 452 3619 551 3683; x_wconf 85' lang='lat' dir='ltr'>sexta</span> <span class='ocrx_word' id='word_1_187' title='bbox 580 3614 732 3700; x_wconf 84' lang='lat' dir='ltr'>proxima</span> <span class='ocrx_word' id='word_1_188' title='bbox 762 3619 839 3682; x_wconf 93' lang='lat' dir='ltr'>ante</span> <span class='ocrx_word' id='word_1_189' title='bbox 866 3611 989 3683; x_wconf 79' lang='lat' dir='ltr'>testum</span> <span class='ocrx_word' id='word_1_190' title='bbox 1018 3613 1107 3682; x_wconf 84' lang='lat' dir='ltr'>beati</span> <span class='ocrx_word' id='word_1_191' title='bbox 1135 3611 1293 3699; x_wconf 83' lang='lat' dir='ltr'>Stephani</span> <span class='ocrx_word' id='word_1_192' title='bbox 1320 3613 1438 3702; x_wconf 35' lang='lat' dir='ltr'>regis..</span> 
     </span>
     <span class='ocr_line' id='line_1_31' title="bbox 762 3760 986 3841; baseline 0.009 -19"><span class='ocrx_word' id='word_1_193' title='bbox 762 3760 824 3840; x_wconf 88' lang='lat'><em>(16.</em></span> <span class='ocrx_word' id='word_1_194' title='bbox 847 3765 986 3841; x_wconf 65' lang='lat' dir='ltr'>augusta).</span> 
     </span>
    </p>
   </div>
   <div class='ocr_carea' id='block_1_4' title="bbox 240 3918 1506 4829">
    <p class='ocr_par' dir='ltr' id='par_1_18' title="bbox 240 3918 1505 4108">
     <span class='ocr_line' id='line_1_32' title="bbox 347 3918 1505 4003; baseline 0.003 -23"><span class='ocrx_word' id='word_1_195' title='bbox 347 3919 455 3982; x_wconf 88' lang='lat' dir='ltr'>Primo</span> <span class='ocrx_word' id='word_1_196' title='bbox 480 3918 592 3982; x_wconf 87' lang='lat' dir='ltr'>Petrus</span> <span class='ocrx_word' id='word_1_197' title='bbox 617 3919 804 4003; x_wconf 89' lang='lat' dir='ltr'>Oplzauech</span> <span class='ocrx_word' id='word_1_198' title='bbox 829 3933 938 3983; x_wconf 92' lang='lat' dir='ltr'>contra</span> <span class='ocrx_word' id='word_1_199' title='bbox 970 3920 1112 3982; x_wconf 89' lang='lat' dir='ltr'>relictam</span> <span class='ocrx_word' id='word_1_200' title='bbox 1137 3919 1273 4002; x_wconf 82' lang='lat' dir='ltr'>Artuigh</span> <span class='ocrx_word' id='word_1_201' title='bbox 1297 3920 1439 3982; x_wconf 87' lang='lat' dir='ltr'>secundo</span> <span class='ocrx_word' id='word_1_202' title='bbox 1463 3920 1505 3983; x_wconf 91' lang='lat' dir='ltr'>ci·</span> 
     </span>
     <span class='ocr_line' id='line_1_33' title="bbox 240 4027 627 4108; baseline 0.003 -22"><span class='ocrx_word' id='word_1_203' title='bbox 240 4038 324 4087; x_wconf 89' lang='lat' dir='ltr'>tatus</span> <span class='ocrx_word' id='word_1_204' title='bbox 349 4044 414 4086; x_wconf 90' lang='lat' dir='ltr'>non</span> <span class='ocrx_word' id='word_1_205' title='bbox 438 4027 627 4108; x_wconf 89' lang='lat' dir='ltr'>comparuit.</span> 
     </span>
    </p>

    <p class='ocr_par' dir='ltr' id='par_1_19' title="bbox 243 4130 1503 4319">
     <span class='ocr_line' id='line_1_34' title="bbox 348 4130 1503 4215; baseline 0.002 -23"><span class='ocrx_word' id='word_1_206' title='bbox 348 4131 427 4194; x_wconf 90' lang='lat' dir='ltr'>Item</span> <span class='ocrx_word' id='word_1_207' title='bbox 459 4131 616 4193; x_wconf 79' lang='lat' dir='ltr'>Martiana</span> <span class='ocrx_word' id='word_1_208' title='bbox 647 4131 772 4215; x_wconf 85' lang='lat' dir='ltr'>Reyniz</span> <span class='ocrx_word' id='word_1_209' title='bbox 803 4145 913 4194; x_wconf 89' lang='lat' dir='ltr'>contra</span> <span class='ocrx_word' id='word_1_210' title='bbox 947 4131 1120 4193; x_wconf 88' lang='lat' dir='ltr'>Martinum</span> <span class='ocrx_word' id='word_1_211' title='bbox 1153 4130 1432 4194; x_wconf 86' lang='lat' dir='ltr'>vicecasteIIanum</span> <span class='ocrx_word' id='word_1_212' title='bbox 1463 4132 1503 4194; x_wconf 92' lang='lat' dir='ltr'>de</span> 
     </span>
     <span class='ocr_line' id='line_1_35' title="bbox 243 4236 954 4319; baseline 0 -20"><span class='ocrx_word' id='word_1_213' title='bbox 243 4236 383 4299; x_wconf 88' lang='lat' dir='ltr'>Medued</span> <span class='ocrx_word' id='word_1_214' title='bbox 407 4237 512 4318; x_wconf 90' lang='lat' dir='ltr'>primo</span> <span class='ocrx_word' id='word_1_215' title='bbox 537 4237 651 4299; x_wconf 89' lang='lat' dir='ltr'>citatus</span> <span class='ocrx_word' id='word_1_216' title='bbox 674 4256 740 4298; x_wconf 92' lang='lat' dir='ltr'>non</span> <span class='ocrx_word' id='word_1_217' title='bbox 765 4237 954 4319; x_wconf 88' lang='lat' dir='ltr'>comparuit.</span> 
     </span>
    </p>

    <p class='ocr_par' dir='ltr' id='par_1_20' title="bbox 242 4341 1506 4530">
     <span class='ocr_line' id='line_1_36' title="bbox 348 4341 1506 4425; baseline 0.003 -23"><span class='ocrx_word' id='word_1_218' title='bbox 348 4341 427 4403; x_wconf 90' lang='lat' dir='ltr'>Item</span> <span class='ocrx_word' id='word_1_219' title='bbox 453 4362 554 4424; x_wconf 87' lang='lat' dir='ltr'>usque</span> <span class='ocrx_word' id='word_1_220' title='bbox 578 4343 891 4424; x_wconf 85' lang='lat' dir='ltr'>quintumdecImum</span> <span class='ocrx_word' id='word_1_221' title='bbox 914 4343 1002 4405; x_wconf 90' lang='lat' dir='ltr'>diem</span> <span class='ocrx_word' id='word_1_222' title='bbox 1033 4342 1210 4405; x_wconf 91' lang='lat' dir='ltr'>Wolkotha</span> <span class='ocrx_word' id='word_1_223' title='bbox 1240 4361 1357 4425; x_wconf 82' lang='lat' dir='ltr'>auceps</span> <span class='ocrx_word' id='word_1_224' title='bbox 1378 4355 1506 4405; x_wconf 89' lang='lat' dir='ltr'>tenetur</span> 
     </span>
     <span class='ocr_line' id='line_1_37' title="bbox 242 4447 1132 4530; baseline 0.004 -22"><span class='ocrx_word' id='word_1_225' title='bbox 242 4447 366 4509; x_wconf 91' lang='lat' dir='ltr'>solvere</span> <span class='ocrx_word' id='word_1_226' title='bbox 391 4447 528 4509; x_wconf 89' lang='lat' dir='ltr'>Iohanni</span> <span class='ocrx_word' id='word_1_227' title='bbox 546 4448 688 4511; x_wconf 90' lang='lat' dir='ltr'>Barbaco</span> <span class='ocrx_word' id='word_1_228' title='bbox 714 4449 948 4530; x_wconf 79' lang='lat' dir='ltr'>quinquaginta</span> <span class='ocrx_word' id='word_1_229' title='bbox 972 4449 1132 4512; x_wconf 90' lang='lat' dir='ltr'>denarios.</span> 
     </span>
    </p>

    <p class='ocr_par' dir='ltr' id='par_1_21' title="bbox 241 4553 1505 4829">
     <span class='ocr_line' id='line_1_38' title="bbox 348 4553 1505 4639; baseline 0.003 -25"><span class='ocrx_word' id='word_1_230' title='bbox 348 4555 426 4616; x_wconf 90' lang='lat' dir='ltr'>Item</span> <span class='ocrx_word' id='word_1_231' title='bbox 451 4555 601 4635; x_wconf 77' lang='lat' dir='ltr'>magister</span> <span class='ocrx_word' id='word_1_232' title='bbox 633 4555 679 4617; x_wconf 88' lang='lat' dir='ltr'>St.</span> <span class='ocrx_word' id='word_1_233' title='bbox 709 4553 794 4617; x_wconf 89' lang='lat' dir='ltr'>filius</span> <span class='ocrx_word' id='word_1_234' title='bbox 827 4555 873 4619; x_wconf 90' lang='lat' dir='ltr'>St.</span> <span class='ocrx_word' id='word_1_235' title='bbox 897 4554 955 4617; x_wconf 88' lang='lat' dir='ltr'>filii</span> <span class='ocrx_word' id='word_1_236' title='bbox 987 4556 1067 4618; x_wconf 84' lang='lat' dir='ltr'>Bani</span> <span class='ocrx_word' id='word_1_237' title='bbox 1092 4556 1243 4639; x_wconf 84' lang='lat' dir='ltr'>produxit</span> <span class='ocrx_word' id='word_1_238' title='bbox 1273 4556 1394 4619; x_wconf 81' lang='lat' dir='ltr'>litteras</span> <span class='ocrx_word' id='word_1_239' title='bbox 1417 4574 1505 4618; x_wconf 89' lang='lat' dir='ltr'>com·</span> 
     </span>
     <span class='ocr_line' id='line_1_39' title="bbox 241 4658 1505 4745; baseline 0.001 -24"><span class='ocrx_word' id='word_1_240' title='bbox 241 4660 408 4722; x_wconf 90' lang='lat' dir='ltr'>munitatis</span> <span class='ocrx_word' id='word_1_241' title='bbox 438 4673 547 4722; x_wconf 90' lang='lat' dir='ltr'>contra</span> <span class='ocrx_word' id='word_1_242' title='bbox 580 4659 717 4743; x_wconf 89' lang='lat' dir='ltr'>Mykech</span> <span class='ocrx_word' id='word_1_243' title='bbox 748 4658 852 4722; x_wconf 87' lang='lat' dir='ltr'>filium</span> <span class='ocrx_word' id='word_1_244' title='bbox 884 4660 998 4724; x_wconf 88' lang='lat' dir='ltr'>Hench</span> <span class='ocrx_word' id='word_1_245' title='bbox 1029 4681 1125 4745; x_wconf 85' lang='lat' dir='ltr'>super</span> <span class='ocrx_word' id='word_1_246' title='bbox 1154 4662 1350 4743; x_wconf 85' lang='lat' dir='ltr'>oboIicione,</span> <span class='ocrx_word' id='word_1_247' title='bbox 1374 4682 1450 4724; x_wconf 88' lang='lat' dir='ltr'>usus</span> <span class='ocrx_word' id='word_1_248' title='bbox 1472 4673 1505 4722; x_wconf 92' lang='lat' dir='ltr'>et</span> 
     </span>
     <span class='ocr_line' id='line_1_40' title="bbox 242 4765 527 4829; baseline 0.011 -3"><span class='ocrx_word' id='word_1_249' title='bbox 242 4766 334 4827; x_wconf 88' lang='lat' dir='ltr'>stube</span> <span class='ocrx_word' id='word_1_250' title='bbox 362 4765 527 4829; x_wconf 88' lang='lat' dir='ltr'>balnealis.</span> 
     </span>
    </p>
   </div>
   <div class='ocr_carea' id='block_1_5' title="bbox 0 0 1749 5250">
    <p class='ocr_par' dir='ltr' id='par_1_22' title="bbox 0 0 1749 5250">
     <span class='ocr_line' id='line_1_41' title="bbox 0 0 1749 5250; baseline 0 0"><span class='ocrx_word' id='word_1_251' title='bbox 0 0 1749 5250; x_wconf 95' lang='lat' dir='ltr'> </span> 
     </span>
    </p>
   </div>
  </div>
 </body>
</html>
