3488 5250
240 354 257 395 2
264 355 306 414 54
622 334 709 391 Anno
732 328 823 409 1365.
850 365 890 374 -
915 346 963 391 11.
979 329 1134 408 januarii.

386 569 484 642 feria
512 571 619 641 tercia
647 571 802 658 proxima
830 579 908 658 post
936 568 1059 639 testum
1087 567 1358 658 Epiphaniarum.

619 723 718 798 (Anno
741 719 831 798 1363,
857 735 903 781 11.
920 722 1083 798 januarii).

346 863 454 924 Primo
487 861 631 922 Andreas
664 858 841 922 Scamench
873 872 982 921 contra
1012 858 1175 920 Thomam
1207 857 1368 920 literatum
1399 859 1505 940 primo

174 1005 176 1008 ⁴
241 970 355 1032 citatus
379 987 445 1030 non
473 966 663 1048 comparuit.

348 1076 424 1137 Item
451 1074 527 1134 luan
552 1071 637 1133 filius
661 1072 758 1132 Juren
787 1071 893 1154 primo
918 1071 1031 1132 citatus
1059 1083 1169 1132 contra
1194 1070 1272 1131 Wlk
1304 1069 1505 1131 molendina-

238 1197 341 1245 torem
367 1200 433 1242 non
461 1179 650 1260 comparuit.

349 1287 426 1347 Item
454 1285 582 1365 Sugaua
605 1297 714 1345 contra
739 1302 872 1344 uxorem
889 1282 966 1343 luan
988 1301 1043 1363 per
1067 1295 1205 1362 quatuor
1220 1281 1404 1344 testimonia
1428 1280 1505 1345 fide·

241 1393 339 1474 digna
363 1410 479 1473 penam
505 1391 649 1471 quinque
673 1407 852 1450 marcarum
877 1403 1000 1469 reperta
1025 1402 1071 1449 est
1096 1385 1272 1468 infregisse,
1296 1408 1360 1470 qua
1383 1388 1435 1449 die
1460 1403 1506 1451 est

243 1498 467 1572 deliberatum,
490 1510 526 1558 ut
549 1495 668 1556 amodo
692 1494 738 1555 nil
769 1495 951 1555 communis
984 1492 1100 1555 habeat
1131 1494 1163 1554 in
1188 1493 1287 1554 domo
1311 1513 1409 1575 quam
1433 1494 1506 1555 hac·

239 1619 332 1667 tenus
357 1603 564 1665 inhabitabat.

347 1709 424 1771 ltem
458 1728 550 1770 causa
584 1706 739 1769 Greciche
772 1719 882 1767 contra
913 1704 1075 1766 Andream
1101 1703 1225 1766 fabrum
1258 1706 1368 1767 estad
1393 1702 1506 1767 leriam

240 1830 360 1879 sextam
385 1815 425 1876 ad
450 1833 561 1896 pacem
586 1824 766 1895 prorogata.

348 1922 425 1983 Item
451 1935 564 1982 octavo
589 1919 641 1980 die
659 1919 796 1980 Jacobus
815 1929 923 1979 contra
942 1918 1071 1978 Petrum
1088 1914 1270 1978 carnificem
1286 1936 1320 1979 se
1336 1918 1506 1996 secundus,

240 2027 329 2109 quod
354 2045 427 2088 eum
454 2045 519 2086 non
544 2024 734 2107 percusserit
757 2024 973 2103 juramentum
997 2035 1136 2105 prestare
1162 2023 1267 2085 debet.

347 2132 424 2194 item
450 2133 545 2214 Myke
569 2145 657 2192 sutor
682 2128 759 2190 feria
783 2143 870 2190 sexta
894 2128 934 2190 ad
967 2129 1130 2191 accionem
1157 2127 1293 2211 Mykech
1318 2130 1353 2192 L.
1379 2142 1506 2193 tenetur

241 2238 446 2320 respondere.

348 2343 426 2404 Item
450 2361 551 2422 usque
574 2339 754 2421 quindenas
778 2340 922 2402 Andreas
947 2340 1059 2401 Pulani
1084 2340 1141 2401 XL
1166 2338 1234 2401 flor.
1260 2341 1384 2403 solvere
1410 2341 1506 2404 debet

247 2449 381 2510 domino
406 2448 533 2509 Mikeclr
560 2446 730 2508 Leunardi.

350 2553 427 2614 Item
453 2553 484 2612 in
508 2551 629 2613 octavis
652 2550 729 2612 ferie
762 2565 847 2612 sexte
872 2552 960 2612 Elias
983 2553 1193 2614 staciorrarius
1217 2566 1325 2615 contra
1349 2553 1505 2616 Jacobum

244 2658 415 2731 Kuzmich‚
439 2657 641 2718 munimento
665 2655 785 2718 efficaci
810 2675 875 2738 quo
892 2657 1018 2739 poterit,
1043 2658 1138 2719 debet
1161 2661 1296 2740 probare
1329 2659 1416 2740 quod
1440 2678 1506 2721 non

242 2777 290 2826 est
313 2764 430 2845 diguus
453 2782 582 2825 manere
607 2763 638 2823 in
664 2763 801 2824 civitate.

349 2870 426 2931 item
452 2868 613 2930 Johannes
636 2869 779 2930 literatus
802 2882 912 2931 contra
938 2870 1117 2948 Marenum,
1142 2884 1381 2953 procuratorem
1405 2869 1505 2932 villici

192 2973 194 2977 ’
243 2976 283 3037 de
308 2975 417 3056 luang,
441 2975 546 3057 primo
570 2975 683 3036 citatus
708 2993 772 3035 non
801 2975 989 3056 comparuit.

350 3082 427 3142 item
453 3079 530 3141 feria
555 3094 640 3141 sexta
666 3080 797 3142 Tomko
822 3094 930 3142 contra
959 3081 1102 3142 relictam
1129 3081 1269 3142 Prenarii
1293 3101 1325 3142 se
1347 3082 1507 3144 secundus

243 3188 370 3269 jurabit,
394 3187 482 3267 quod
508 3185 670 3267 quendam
693 3193 787 3247 suum
805 3204 962 3267 caponem
983 3205 1049 3246 non
1074 3187 1203 3268 recepit,
1228 3206 1286 3248 nec
1309 3207 1380 3248 eam
1397 3189 1506 3265 trusit;

242 3307 275 3356 et
298 3293 372 3376 quia
395 3293 426 3353 in
452 3292 614 3373 presencia
638 3291 813 3370 juratorum
840 3292 945 3372 ipsum
969 3310 1125 3373 caponem
1151 3312 1215 3354 non
1240 3293 1408 3374 aportavit,
1432 3293 1506 3356 ideo

243 3400 275 3463 in
300 3400 428 3461 duobus
451 3397 578 3478 judiciis
606 3398 768 3459 remansit.

349 3505 427 3567 Item
452 3504 601 3582 Bartuch,
626 3504 781 3582 Donatus,
813 3503 941 3583 Trosth,
973 3504 1120 3582 Jancech‚
1153 3504 1265 3566 Petrus
1288 3519 1319 3567 et
1344 3506 1389 3567 St.
1413 3505 1506 3586 jurati

243 3630 278 3673 ac
304 3611 440 3672 Mathias
463 3624 558 3672 testes
591 3630 646 3692 per
675 3610 780 3671 Eliam
812 3610 1040 3672 stacionarium
1072 3610 1230 3693 producti,
1262 3611 1365 3691 jurari,
1397 3626 1506 3675 contra

243 3718 399 3779 Jacobum
424 3716 581 3776 Kuzmich
606 3714 822 3794 testificarunt,
847 3716 935 3796 quod
960 3736 1032 3778 cum
1058 3715 1153 3797 judex
1178 3716 1397 3794 commisisset,
1423 3732 1457 3780 ut
1480 3719 1506 3780 si

243 3822 323 3885 alias
347 3822 435 3883 Elias
459 3822 580 3883 desub
610 3820 684 3883 leno
715 3842 770 3883 seu
803 3823 1008 3883 straminibus
1040 3842 1160 3902 equum
1192 3823 1243 3883 vel
1267 3824 1384 3885 bovem
1408 3824 1508 3905 ipsius

243 3929 355 3991 Jacobi
386 3929 554 4005 inveniret,
587 3928 784 4006 vulneraret,
816 3942 891 3989 tunc
924 3928 990 4010 ipse
1021 3928 1159 3990 lacobus
1189 3929 1335 4008 dixisset,
1368 3929 1507 4010 quodsi

243 4035 311 4117 ipsa
342 4034 527 4095 vulneracio
558 4032 657 4109 lieret,
689 4047 851 4115 oporteret
889 4046 924 4095 ut
954 4048 1009 4095 aur
1036 4035 1102 4116 ipse
1136 4036 1219 4096 bona
1250 4055 1307 4096 sua
1343 4036 1506 4098 dimittere

243 4140 349 4218 debet,
373 4153 428 4201 aut
448 4140 515 4221 ipse
538 4159 605 4199 sua.

349 4245 427 4307 Item
452 4257 566 4306 octavo
591 4245 642 4305 die
673 4244 784 4306 Petrus
817 4258 925 4307 contra
959 4246 1145 4326 jobagiones
1170 4247 1336 4309 Michaelis
1361 4247 1507 4340 canonici

243 4350 438 4433 respondere
463 4351 567 4412 debet.

350 4455 426 4517 irem
452 4456 526 4536 quia
551 4455 683 4538 Woyko
714 4455 832 4537 pluries
856 4476 913 4537 per
944 4457 1106 4519 Thomam
1139 4458 1342 4541 gladiparum
1366 4459 1398 4520 in
1424 4450 1507 4521 lacto

243 4560 384 4622 vulneris
408 4561 522 4624 citatus
545 4581 610 4623 non
635 4562 723 4624 venit
747 4582 806 4624 nec
827 4563 923 4642 misit,
949 4563 1079 4645 ipseque
1104 4564 1249 4626 Thomas
1272 4564 1390 4627 vulnus
1412 4583 1507 4627 suum

244 4665 329 4727 iuxta
353 4667 618 4756 consyetudinem
640 4667 776 4730 civitatis
793 4668 973 4730 iuramento
998 4669 1159 4731 mediante
1176 4671 1409 4752 comprobavit,
1433 4670 1507 4733 ideo

243 4784 352 4833 contra
377 4786 499 4856 partem
516 4773 682 4835 adversam
700 4773 731 4833 in
750 4773 893 4856 quinque
917 4774 1032 4836 marcis
1053 4788 1083 4835 et
1099 4774 1197 4856 judici
1223 4775 1255 4836 in
1273 4795 1336 4838 una
1360 4788 1408 4838 est
1431 4792 1507 4836 cou-
