3488 5250
268 354 328 434 362

371 564 448 625 Item
474 564 572 625 Trost
594 561 683 625 faber
707 563 821 624 eadem
844 562 897 624 die
928 562 1143 643 juramentum
1174 563 1336 646 deponere
1360 563 1529 625 tenebatur

265 683 377 731 contra
392 669 513 731 lwcech
530 670 634 731 taliter
657 688 752 749 super
776 687 826 746 eo,
850 680 885 729 ut
908 668 975 750 ipse
993 666 1080 729 Puch
1104 668 1284 752 Iohannem
1302 667 1533 730 caucionaliter

267 795 334 838 uon
357 776 528 858 'recepisset
550 775 590 837 de
614 775 763 853 vinculis,
787 794 860 836 cum
887 775 973 836 idem
998 774 1085 837 Puch
1109 776 1231 837 dictum
1255 774 1359 837 Iwecb
1384 775 1532 836 vulnera·

266 895 364 959 verat,
390 881 580 962 quiquidem
605 880 723 942 Trosth
749 899 814 941 non
846 881 934 942 venit
958 899 1064 961 neque
1099 881 1195 960 misit,
1228 900 1287 942 nec
1313 881 1419 962 ipsum
1450 879 1532 961 jura·

267 1001 412 1049 mentum
437 987 586 1070 deposuit
609 999 643 1048 ut
667 987 815 1048 debebat.

296 1225 390 1309 Nota,
419 1227 506 1313 quod
534 1225 620 1296 feria
648 1235 745 1295 sexta
774 1226 928 1312 proxima
956 1231 1032 1313 post
1060 1223 1182 1295 festum
1211 1227 1385 1294 beatorum
1414 1223 1504 1293 Petri

692 1355 723 1419 et
753 1348 849 1419 Pauli
878 1347 1117 1436 apostolorum.

377 1516 486 1576 Primo
511 1515 640 1577 Strosek
664 1515 802 1597 piscator
825 1514 865 1575 ad
890 1529 963 1577 octo
996 1514 1063 1575 dies
1087 1532 1160 1576 curn
1184 1514 1284 1575 Paulo
1311 1512 1451 1574 condam
1472 1513 1532 1573 vil-

273 1620 336 1684 lico
361 1621 400 1681 de
425 1619 569 1681 Chichan
593 1634 718 1682 tenetur
741 1620 845 1702 jurare
873 1621 906 1681 in
931 1640 979 1698 eo,
1004 1617 1093 1700 quod
1125 1620 1192 1700 ipse
1215 1632 1359 1700 tempore
1387 1618 1533 1697 Marketi,

272 1746 345 1788 cum
370 1726 456 1788 idem
482 1727 643 1788 Marketus
667 1741 734 1788 erat
757 1726 959 1803 camerarius,
987 1724 1129 1807 percepit
1159 1724 1274 1786 XXIIII
1300 1743 1414 1806 pensas
1437 1723 1534 1786 dena·

272 1834 403 1895 riorum.

377 1941 453 2001 Item
479 1940 624 2001 Andreas
647 1937 736 2000 faber
760 1951 869 1999 contra
887 1938 1044 1999 Iacobum
1067 1935 1193 1998 fabrum
1219 1936 1337 2018 recepit
1360 1936 1535 1997 termInum

271 2046 310 2107 ad
336 2059 409 2107 octo
434 2046 502 2107 dies
525 2045 565 2107 ad
589 2043 862 2127 respondendum.

378 2152 455 2214 Item
480 2152 633 2212 Nicolaus
656 2148 796 2211 carnifex
820 2163 930 2210 contra
955 2149 1134 2211 Petrum..
1159 2148 1199 2209 ad
1224 2162 1297 2210 octo
1322 2148 1391 2210 dies
1416 2148 1536 2230 recepit

272 2259 444 2320 terminum
470 2258 509 2317 ad
533 2256 804 2337 respondendum.

377 2366 454 2426 Item
480 2364 577 2424 Trost
601 2361 689 2424 faber
713 2375 838 2422 tenetur
862 2375 1000 2422 statuere
1032 2360 1169 2422 iohanni
1193 2360 1280 2421 Puch
1305 2359 1345 2420 ad
1371 2372 1443 2420 octo
1467 2359 1536 2420 dies

275 2492 348 2534 cum
373 2471 499 2531 duobus
523 2469 658 2550 judiciis.

377 2594 458 2656 Item
484 2594 569 2654 Iwko
594 2606 703 2653 contra
729 2589 874 2653 Cernech
899 2590 1041 2652 secundo
1065 2591 1178 2652 citatus
1201 2608 1266 2651 non
1292 2587 1480 2670 comparuit.

378 2699 453 2760 Item
492 2697 628 2777 Egidius
662 2694 792 2777 pellifex
828 2709 938 2757 contra
975 2696 1105 2756 Kussilo
1139 2694 1281 2756 secundo
1322 2694 1436 2755 citams
1469 2711 1536 2753 non

275 2805 463 2886 comparuit.

379 2909 456 2969 Item
482 2907 634 2968 Nicolaus
651 2906 778 2967 Kordar
794 2920 903 2968 contra
922 2907 1061 2968 eundem
1078 2907 1208 2968 Kussilo
1223 2886 1345 2988 recepit
1363 2903 1535 2965 terminum

273 3016 314 3076 ad
338 3029 410 3077 octo
435 3015 503 3075 dies
527 3014 566 3074 ad
591 3013 863 3095 respondendum.

378 3121 455 3181 Item
481 3120 642 3180 Marketus
666 3131 774 3179 contra
799 3119 912 3199 Artuig
941 3119 1044 3200 prima
1076 3118 1230 3180 citacione
1253 3136 1318 3178 non
1345 3115 1536 3197 comparuit.

379 3226 456 3286 Item
482 3223 612 3285 Gabriel
637 3237 746 3285 contra
772 3223 898 3285 Mikech
923 3223 1024 3285 lilium
1043 3226 1153 3285 Mareu
1170 3224 1272 3306 prima
1289 3221 1446 3284 citacione
1471 3239 1536 3282 non

275 3331 464 3413 comparuit.

381 3436 458 3497 Item
483 3435 591 3496 relicta
617 3434 750 3495 Hanche
782 3449 890 3496 contra
916 3435 1055 3496 eundem
1089 3433 1214 3495 Mikech
1250 3433 1353 3515 prima
1382 3431 1537 3495 citacione

276 3561 341 3603 non
366 3541 553 3623 comparuit.

380 3648 458 3708 Item
495 3646 616 3707 Obram
652 3646 747 3707 Zolar
782 3660 891 3708 contra
928 3646 1099 3708 Miklinum
1135 3646 1237 3727 prima
1273 3643 1429 3705 citacIone
1471 3660 1537 3703 non

276 3751 463 3834 comparuit.

381 3857 460 3918 Item
484 3858 559 3919 Kun
583 3855 712 3939 pellifex
737 3858 776 3917 ad
800 3871 873 3918 octo
898 3857 965 3917 dies
990 3871 1115 3918 tenetur
1131 3857 1290 3918 adducere
1316 3855 1484 3917 Simonem
1508 3866 1539 3914 et

279 3963 323 4026 St.
349 3963 529 4024 sacerdotes
552 3983 647 4044 super
670 3983 720 4041 eo,
744 3976 780 4024 ut
796 3963 861 4044 ipse
887 3963 960 4024 Kun
979 3963 1011 4023 in
1035 3963 1222 4024 vulneribus
1238 3963 1337 4044 ipsius
1351 3960 1441 4023 Pauli
1458 3972 1540 4021 esset

277 4068 426 4130 inmunis.

384 4173 461 4234 Item
488 4192 567 4233 uxor
591 4172 722 4255 Georgii
748 4174 843 4235 Zolar
874 4187 983 4234 contra
1017 4173 1118 4234 lwech
1154 4173 1255 4255 prima
1282 4171 1438 4233 citacione
1473 4190 1540 4233 non

277 4278 465 4360 comparuit.

384 4383 461 4443 Item
486 4382 647 4444 lohannes
670 4382 907 4446 filiusChemer
931 4398 1040 4445 contra
1058 4382 1178 4444 Finech
1202 4383 1243 4443 ad
1267 4382 1454 4463 quindecim
1473 4381 1540 4444 dies

280 4487 399 4569 recepit
420 4489 595 4549 terminum
618 4488 658 4550 ad
682 4489 953 4570 respondendum.

386 4592 463 4653 Item
488 4593 661 4655 Krauturm
687 4608 795 4655 contra
821 4595 907 4656 Bene
939 4593 1042 4676 prima
1067 4595 1221 4656 citacione
1254 4613 1318 4655 non
1351 4592 1540 4675 comparuit.

384 4696 463 4758 Item
487 4697 659 4781 Endreyko
683 4713 792 4760 contra
818 4698 995 4781 Georgium
1017 4699 1135 4761 Wlltxe
1158 4699 1261 4780 prima
1285 4698 1441 4761 citacione
1473 4717 1540 4759 non

281 4815 468 4882 comparuit.
