3488 5250
680 335 879 414 Ann01356.
902 374 946 382 -
973 351 1016 414 15.
1041 337 1158 413 aprilis.

407 550 485 612 Item
503 549 641 610 Drusina
659 549 764 630 prImo
778 548 897 630 judicio
915 548 1011 611 debet
1023 549 1244 610 testImonium
1261 549 1437 630 producere
1454 559 1564 608 contra

302 656 347 718 St.
372 654 474 716 filium
499 655 592 716 Radk
617 674 689 717 cum
715 655 819 716 Vanae
844 668 874 716 et
899 655 1038 737 Campar
1070 675 1164 737 super
1188 654 1272 717 facto
1297 653 1519 736 percussionis.

404 779 482 840 Item
507 798 600 840 causa
633 778 762 860 Mathey
794 790 824 839 et
848 778 933 840 Iwan
964 778 1004 840 ad
1037 779 1177 861 primum
1208 777 1363 860 iudicium
1388 775 1428 836 ad
1452 793 1563 858 pacem

302 899 349 945 est
372 899 552 966 prorogata.

408 991 485 1051 Item
511 991 667 1051 Martinus
690 1003 779 1050 sutor
811 1003 919 1051 contra
945 991 1043 1052 Jaoez
1074 989 1246 1073 pellificem
1277 987 1420 1051 secundo
1452 986 1566 1048 citatus

302 1116 367 1159 non
392 1098 582 1178 comparuit.
1603 1170 1606 1175 .

408 1204 485 1264 Item
511 1202 596 1283 Span
621 1201 727 1283 primo
752 1200 872 1282 judicio
897 1201 992 1264 debet
1015 1203 1236 1264 testImonium
1260 1201 1436 1285 producere
1454 1214 1564 1262 contra

304 1309 408 1371 Eliam
434 1307 560 1370 fabrum
584 1328 679 1390 super
703 1306 787 1369 facto
812 1308 978 1369 cuiusdam
1003 1309 1143 1388 virgulti.

407 1432 483 1494 Item
510 1451 588 1492 uxor
611 1431 690 1493 WIIr
715 1445 824 1493 contra
848 1432 887 1493 N.
911 1432 1016 1513 primo
1041 1433 1134 1493 citata
1158 1451 1223 1493 non
1248 1430 1436 1512 comparuit.

408 1538 485 1599 Item
511 1537 619 1598 relicta
644 1537 863 1599 Bartholomei
888 1551 996 1599 contra
1027 1536 1217 1599 Paladinum
1248 1537 1352 1619 primo
1382 1535 1475 1597 citata
1499 1551 1564 1594 non

303 1643 492 1725 comparuit.

406 1766 483 1827 Item
508 1770 594 1826 Anse
619 1779 728 1828 contra
754 1767 905 1848 Magdam
928 1767 1033 1848 primo
1057 1768 1170 1827 citatus
1193 1785 1259 1827 non
1284 1763 1473 1847 comparuit.

408 1871 486 1933 Item
504 1872 651 1933 Panouin
675 1887 784 1933 contra
809 1872 950 1933 Blasium
975 1873 1079 1952 primo
1099 1872 1211 1932 citatus
1234 1891 1299 1932 non
1332 1868 1521 1951 comparuit.

410 1977 486 2038 Item
512 1977 612 2038 Piuka
635 1990 743 2039 contra
768 1977 895 2038 Vanose
919 1979 1023 2057 prImo
1055 1977 1168 2037 citatus
1191 1996 1256 2037 non
1282 1975 1469 2057 comparuit.

409 2082 486 2144 Item
520 2083 657 2143 Hruatin
690 2081 831 2143 Iamqus
863 2083 991 2143 Martini
1027 2081 1084 2142 filii
1120 2081 1275 2142 Anthonii
1307 2082 1411 2163 primo
1446 2079 1566 2161 judicio

303 2189 398 2250 debet
422 2189 643 2249 testimonium
667 2188 845 2269 producere
869 2200 978 2248 contra
1002 2186 1181 2247 iohannem
1205 2186 1306 2247 filium
1332 2185 1469 2248 Cristine
1493 2203 1566 2246 cum

303 2295 341 2355 N:
366 2293 433 2355 filio
458 2293 613 2354 Valterini
638 2308 669 2354 et
693 2294 800 2353 Petres
824 2292 926 2372 loripe
950 2312 1045 2374 super
1068 2290 1152 2353 Iacto
1175 2291 1401 2372 percussionis.

412 2417 489 2477 Item
513 2416 658 2476 Andreas
683 2414 824 2476 frenator
859 2427 1049 2495 protestatus
1080 2415 1192 2492 extitit,
1217 2414 1303 2495 quod
1336 2414 1438 2476 noctis
1461 2414 1494 2475 in
1526 2413 1567 2474 si·

304 2522 409 2582 IencIo
433 2521 492 2580 sub
518 2520 691 2587 Inibicione
716 2519 872 2600 piscinam
896 2538 987 2578 suam
1012 2519 1193 2599 piscassent.

411 2626 489 2686 Item
514 2624 623 2686 Curen
649 2637 759 2685 contra
789 2622 827 2684 G.
863 2623 983 2683 Ztaune
1008 2624 1112 2704 primo
1144 2624 1256 2685 citatus
1287 2645 1352 2686 non
1377 2624 1566 2705 comparuit.

411 2731 489 2791 Item
515 2730 659 2790 Thomas
683 2729 788 2809 primo
812 2726 932 2807 judicio
948 2728 1117 2809 pristinum
1141 2749 1235 2790 suum
1251 2730 1470 2791 testimonium
1495 2749 1568 2811 pro·

307 2838 422 2897 ducere
447 2836 567 2917 (debet)
591 2849 700 2895 contra
727 2832 945 2896 Lourandum.

413 2943 490 3003 Item
516 2941 678 3017 Nicolaus‚
703 2938 788 2999 filius
816 2939 911 3018 luen,
943 2938 1020 3000 feria
1051 2955 1136 3002 sexta
1160 2941 1304 3022 proxima
1335 2955 1407 3022 post
1440 2955 1568 3003 octavas

308 3049 404 3108 Pasce
430 3046 553 3106 domini
579 3045 674 3105 debet
695 3043 908 3124 juramentum
934 3045 1093 3125 deponere
1118 3065 1192 3106 cum
1224 3047 1410 3107 concivibus
1433 3047 1498 3106 suis
1522 3046 1569 3105 vi·

306 3152 387 3235 giuti
413 3166 550 3232 quatuor
576 3170 608 3209 se
633 3150 748 3230 quinto
773 3168 867 3228 super
898 3148 981 3210 Iacto
1005 3150 1180 3212 ablacionis
1212 3152 1371 3212 bonorum
1395 3151 1570 3212 Martincus

308 3260 341 3319 iu
366 3257 592 3338 persecucione
616 3254 754 3314 civitatis
775 3273 831 3334 per
854 3254 1021 3315 dominum
1046 3257 1172 3318 ducem.

377 3430 379 3434 .
414 3377 491 3440 Item
516 3377 632 3437 eodem
656 3376 709 3437 die
734 3376 832 3436 Lucia
863 3376 969 3456 puella
1002 3378 1096 3439 debet
1128 3378 1229 3459 jurare
1254 3394 1318 3439 met
1349 3392 1435 3440 sexta
1460 3391 1570 3440 contra

309 3483 440 3547 MIaden
466 3502 561 3563 super
586 3480 669 3541 facto
692 3478 777 3541 furtu
802 3480 937 3542 duarum
962 3502 1150 3544 marcarum.

418 3606 493 3666 Item
520 3603 717 3665 Laurencius
740 3603 841 3683 pistor
870 3622 970 3684 usque
1001 3605 1086 3666 diem
1118 3619 1265 3667 octavum
1297 3607 1392 3669 debet
1423 3609 1566 3670 invenire

312 3712 512 3773 voluntatem
538 3709 673 3769 domino
709 3708 836 3769 Mikech
868 3709 934 3771 filio
967 3711 1126 3772 Leunardi
1151 3732 1245 3793 super
1276 3714 1414 3794 quadam
1440 3714 1567 3794 injuria,

311 3816 400 3898 quod
424 3817 449 3875 si
473 3835 539 3876 non
565 3814 732 3891 invenerit,
764 3833 836 3875 cum
867 3816 969 3895 primo
1002 3816 1121 3896 judicio
1154 3816 1306 3879 faciemus
1337 3819 1458 3899 justicie
1484 3840 1571 3882 com·

311 3923 523 4004 pIementum.

421 4024 498 4084 Item
522 4023 690 4101 Martinus,
714 4023 798 4083 filius
821 4024 987 4103 Anthonii,
1011 4025 1088 4087 Ieria
1112 4028 1208 4087 tercia
1233 4029 1327 4089 debet
1351 4031 1570 4093 testimonium

314 4128 491 4210 producere
517 4141 626 4188 contra
650 4128 836 4207 magistrum
860 4129 1033 4211 philipum,
1057 4130 1158 4191 filium
1184 4132 1315 4210 Paridis,
1340 4154 1411 4195 cum
1437 4137 1571 4200 domino

315 4234 410 4294 Petro
435 4251 520 4293 nunc
544 4231 649 4311 judice
674 4245 704 4292 et
729 4231 859 4311 Gerin0,
884 4253 989 4294 coram
1004 4236 1121 4315 quibus
1145 4236 1230 4296 idem
1254 4239 1403 4318 magister
1426 4241 1571 4324 Philipus

315 4337 459 4414 asseruit,
483 4349 517 4397 ut
542 4338 625 4397 bona
651 4337 793 4397 eiusdem
814 4339 857 4398 M.
874 4339 906 4398 in
934 4340 1159 4419 persecucione
1184 4341 1318 4401 civitatis
1345 4361 1569 4427 comparasset.

316 4443 394 4502 Item
419 4441 536 4502 debent
560 4442 746 4520 interrogari
778 4455 840 4502 tres
864 4441 972 4503 fratres
996 4445 1136 4504 minores
1160 4446 1335 4507 secundum
1359 4468 1470 4510 eorum
1495 4470 1571 4511 con-

317 4546 499 4623 scienciam,
522 4547 547 4608 si
573 4548 655 4629 dicta
680 4548 763 4606 bona
788 4566 843 4626 per
879 4545 1051 4608 familiares
1082 4568 1157 4608 suos
1182 4549 1212 4608 in
1245 4551 1414 4612 claustrum
1439 4551 1573 4617 fuissent

318 4663 486 4731 asportata.

425 4754 502 4816 Item
526 4755 569 4816 M.
594 4767 682 4816 sutor
706 4751 822 4818 contra
845 4755 982 4817 Bartuch
1013 4755 1118 4836 primo
1151 4755 1263 4816 citatus
1285 4775 1349 4817 non
1382 4765 1569 4844 comparuit.
