3488 5250
632 359 833 438 Ann01363.
863 395 903 405 -
928 377 977 422 12.
1001 361 1084 423 maii.

329 572 408 633 Item
432 572 579 653 quamvis
602 571 736 654 quidam
766 572 811 634 St.
837 592 936 653 gener
961 571 1129 635 Gerdache
1153 572 1185 633 in
1211 571 1349 654 presenti
1374 570 1495 651 judIcio

228 696 413 759 comparere
438 690 469 738 et
492 677 525 738 in
556 677 689 739 crImine
721 675 824 740 furtus
853 679 1047 760 respondere
1078 677 1258 755 debuisset,
1290 691 1397 739 tamen
1429 697 1494 740 non

227 783 315 844 venit
338 802 397 844 nec
421 783 517 861 misit,
542 803 604 864 qua
630 783 669 844 de
686 803 720 845 re
744 803 842 865 quam
867 784 1006 866 prImum
1030 784 1146 866 poterit
1170 783 1318 864 Inveniri,
1342 797 1495 864 tanquam

230 908 304 951 reus
326 888 512 971 captivetur.

330 994 410 1055 Item
434 993 509 1075 quia
534 993 694 1075 Georgius
710 994 850 1077 DyanIni
875 1008 905 1057 et
922 995 1061 1057 lacobus
1083 995 1283 1079 Plutikachy,
1307 994 1377 1056 Jakl
1393 995 1494 1077 gladi-

229 1118 344 1184 parum
368 1101 587 1179 verberarunt,
611 1113 642 1163 et
665 1100 781 1165 exinde
808 1101 994 1164 testimonio
1026 1099 1199 1162 sufficienti
1223 1101 1360 1163 convicti
1385 1100 1495 1163 extite-

231 1218 316 1284 runt,
341 1205 481 1287 agravati
514 1219 587 1267 sunt
619 1219 729 1268 contra
760 1222 883 1289 partem
916 1207 1083 1268 adversam
1108 1207 1139 1267 iu
1172 1206 1297 1269 duabus
1328 1207 1442 1269 marcis
1464 1221 1496 1270 et

231 1309 330 1391 judIci
355 1311 386 1372 in
412 1310 518 1373 media
541 1311 678 1393 quilibet
708 1311 832 1374 solvere
857 1313 889 1373 iu
921 1311 1111 1394 quindenis;
1136 1325 1167 1375 et
1198 1313 1274 1395 quia
1306 1312 1405 1374 iidem
1429 1332 1495 1375 non

230 1413 382 1478 facientes
398 1416 499 1498 ipsam
523 1416 724 1479 solucionem
742 1431 949 1496 recesserunt,
965 1417 1039 1479 ideo
1056 1438 1153 1500 quam
1177 1419 1317 1500 prImum
1336 1438 1392 1480 eos
1408 1418 1495 1481 idem

227 1522 345 1604 poterit
369 1521 524 1601 invenire,
547 1522 701 1585 sorcietur
724 1542 815 1585 suam
835 1524 1035 1586 solucionem
1060 1537 1282 1586 memoratam.

335 1627 413 1689 Item
438 1640 552 1689 octavo
577 1627 630 1690 die
654 1629 807 1691 Nicolaus
830 1642 939 1691 contra
955 1633 1084 1691 Annam
1108 1649 1252 1692 sororem
1268 1650 1359 1693 suam
1384 1652 1417 1694 se
1433 1646 1494 1696 ter-

230 1733 298 1795 cius
322 1733 439 1814 jurabit
462 1753 557 1816 super
580 1753 630 1814 eo,
654 1735 743 1817 quod
767 1755 826 1797 nec
854 1750 943 1818 pater
973 1736 1039 1797 sive
1064 1735 1159 1798 frater
1195 1756 1282 1816 suus,
1304 1756 1363 1799 nec
1395 1739 1495 1801 eciam

230 1839 297 1922 ipse
315 1858 437 1901 marcas
453 1840 597 1921 quinque
621 1853 652 1902 et
675 1856 813 1922 quatuor
828 1860 942 1923 pensas
965 1843 1005 1903 ab
1029 1841 1097 1923 ipsa
1119 1846 1212 1903 Anna
1237 1862 1301 1904 non
1334 1842 1497 1906 habuisset

230 1965 287 2007 nec
314 1945 493 2027 recepisset,
517 1965 576 2007 nec
599 1946 659 2007 sibi
684 1947 716 2007 in
741 1966 904 2028 quaquam
928 1967 962 2010 re
986 1947 1046 2009 sibi
1071 1947 1178 2010 debita
1203 1961 1399 2015 tenerentur.

333 2050 413 2112 Item
440 2050 515 2131 quia
542 2051 622 2133 iglar
650 2052 813 2134 captivans
844 2052 1006 2135 quendam
1039 2072 1175 2135 puerum
1207 2055 1341 2117 nomine
1366 2056 1496 2119 Petrum

229 2175 296 2217 non
321 2157 409 2218 venit
432 2175 491 2218 nec
515 2157 600 2218 misit
624 2157 663 2219 ad
688 2158 850 2239 agendum
875 2172 984 2220 contra
1018 2178 1104 2238 eum,
1138 2160 1290 2222 remansit
1313 2161 1345 2223 in
1370 2160 1496 2242 judicIis

229 2261 367 2323 duobus.

333 2368 410 2429 Item
434 2388 527 2431 causa
552 2368 659 2432 Petres
683 2382 714 2430 et
738 2368 794 2430 filii
822 2368 955 2432 Henrici
979 2384 1026 2432 est
1057 2370 1097 2432 ad
1121 2385 1194 2432 octo
1218 2371 1286 2433 dies
1311 2386 1493 2454 prorogata.

346 2604 440 2691 Nota,
468 2606 554 2677 feria
581 2614 679 2677 sexta
708 2608 864 2694 proxima
891 2613 966 2695 post
996 2607 1121 2679 festum
1148 2606 1374 2681 Ascensionls.

769 2761 831 2834 (12.
855 2759 949 2822 maii).

333 2895 411 2957 Item
436 2896 511 2978 quia
536 2896 674 2977 quedam
693 2896 756 2958 due
781 2897 932 2960 mulieres
948 2898 1106 2981 jobagisse
1123 2899 1249 2961 Nicolai
1273 2899 1331 2962 filii
1355 2900 1492 2963 Arlandi
1565 2917 1567 2921 ·

231 3002 416 3063 verberibus
447 3003 593 3085 turpibus
624 3022 757 3065 uxorem
787 3004 954 3065 cuiusdam
990 3004 1157 3066 Strabonis
1188 3004 1380 3086 affecerunt,
1412 3007 1495 3089 parti

230 3106 294 3169 lese
317 3107 444 3170 solvent
466 3127 568 3190 usque
592 3109 772 3192 qulndenas
797 3129 894 3171 unam
919 3129 1057 3171 marcam
1083 3126 1113 3172 et
1137 3109 1234 3191 judici
1259 3113 1410 3176 mediam.

337 3214 414 3276 Item
439 3214 601 3277 lohannes
624 3229 725 3277 sartor
757 3229 867 3278 contra
898 3216 1061 3278 Andream
1094 3215 1219 3278 labrum
1244 3218 1349 3300 primo
1381 3219 1495 3282 citatus

231 3337 295 3379 non
320 3320 510 3402 comparuit.

336 3424 413 3485 Item
440 3444 532 3487 causa
565 3426 661 3488 Iuane
694 3427 855 3508 penestIce
887 3440 996 3488 contra
1021 3426 1200 3508 Georgium
1231 3428 1326 3489 Zolar
1349 3448 1405 3512 per
1437 3430 1494 3513 Sy·

231 3547 363 3590 monem
388 3530 497 3592 estad
522 3544 594 3594 octo
619 3531 687 3593 dIes
711 3531 751 3593 ad
774 3551 885 3614 pacem
910 3547 1090 3614 prorogata.

333 3636 412 3699 Item
436 3637 482 3700 St.
507 3637 606 3699 ruffus
630 3651 739 3701 contra
764 3638 894 3700 Petrum
925 3636 1117 3700 frenatorcm
1143 3640 1248 3721 primo
1281 3641 1394 3702 citatus
1427 3660 1493 3703 non

230 3742 420 3823 comparuit.

334 3847 412 3909 Item
437 3848 590 3910 Nicolaus
614 3849 752 3910 condam
785 3849 880 3928 judex
905 3864 1015 3911 contra
1049 3851 1159 3912 Maren
1185 3851 1225 3912 ad
1257 3865 1330 3913 octo
1354 3852 1422 3913 dies
1446 3871 1493 3913 re-

228 3954 312 4036 cepit
335 3953 509 4015 terminum
534 3954 574 4015 ad
599 3954 872 4036 respondendum.

333 4057 411 4120 Item
444 4078 538 4120 causa
570 4059 757 4122 Solomonis
781 4074 812 4122 et
845 4061 930 4123 Zitar
961 4076 1007 4122 est
1038 4062 1078 4124 ad
1112 4077 1185 4124 octo
1216 4062 1284 4122 dies
1315 4062 1355 4123 ad
1381 4081 1492 4144 pacem

227 4178 409 4245 prorogata.

334 4269 413 4330 Item
439 4271 592 4348 Peruuos,
617 4271 785 4334 Mortonos
808 4272 938 4333 sellator
961 4287 992 4333 et
1015 4272 1091 4333 Iuan
1117 4273 1256 4334 Plauech
1280 4274 1385 4356 primo
1407 4275 1493 4337 citati

228 4388 336 4438 contra
360 4395 410 4436 ser
434 4377 606 4458 Marynum
629 4397 694 4438 non
723 4392 972 4459 comparuerunt

335 4481 413 4542 Item
437 4480 523 4543 filius
547 4479 679 4563 Georgii
705 4481 744 4543 de
762 4483 895 4544 Rabucb
912 4483 1054 4545 secundo
1079 4483 1192 4545 citatus
1216 4498 1326 4545 contra
1351 4484 1492 4547 relictam

227 4585 378 4668 Horgoce
402 4606 467 4648 non
493 4588 681 4668 comparuit.

335 4692 414 4753 Item
432 4692 616 4754 Tormacha
633 4693 775 4755 secundo
792 4693 906 4755 citatus
923 4708 1033 4755 contra
1058 4693 1227 4755 dominum
1245 4694 1374 4755 Petrum
1390 4692 1494 4756 filium

230 4794 349 4859 Donati
374 4817 440 4859 non
468 4799 657 4880 comparuit.
