3488 5250
591 366 678 423 Anno
700 361 791 441 1362.
818 397 856 407 -
881 379 912 441 4.
937 364 1104 425 novembn‘s.
1419 381 1477 442 241

324 577 402 638 Item
419 576 524 658 primo
545 574 665 656 judicIo
683 575 842 636 Zreberna
859 588 969 635 contra
986 578 1115 634 Annam
1133 592 1191 655 per
1205 577 1333 634 Annam
1350 590 1484 632 uxorem

219 684 359 765 Endrey‚
384 686 513 742 Annam
537 699 669 741 uxorem
693 680 804 741 Jacobi
829 693 860 741 et
884 678 983 741 filiam
1007 678 1152 740 Pezdech
1178 698 1273 760 super
1297 677 1486 738 verberibus

218 787 438 850 testimonium
463 786 641 869 producere
666 784 772 847 debet.

324 911 403 972 Item
429 909 506 972 feria
523 910 634 991 quinta
659 908 820 971 Iohannes
840 909 1009 970 Laurentii
1031 909 1146 991 jurabit
1171 922 1279 969 contra
1305 908 1485 968 Marketum

220 1035 314 1098 super
336 1035 375 1077 eo
393 1030 550 1097 quantum
566 1014 702 1076 valuerit
719 1013 852 1096 quidam
876 1034 979 1095 equus
1000 1032 1038 1075 eo
1055 1026 1211 1095 tempore,
1228 1032 1293 1094 quo
1319 1010 1379 1074 tuit
1395 1013 1487 1073 datus

220 1141 277 1204 per
301 1141 376 1183 eum
401 1122 545 1183 Marketo
570 1120 762 1201 supradicto.

327 1246 405 1307 Item
430 1245 504 1306 licet
521 1243 573 1305 die
597 1244 630 1304 ita
646 1245 784 1326 presenti
802 1243 976 1305 Benedicta
992 1242 1057 1304 filia
1075 1242 1202 1304 Malech
1218 1243 1268 1303 vel
1285 1242 1354 1303 eius
1371 1261 1484 1323 procu·

222 1366 352 1430 ratores,
376 1364 453 1433 puta
478 1349 616 1411 Jancech
638 1362 669 1410 et
694 1350 814 1428 Petrus,
831 1349 1050 1411 testimonium
1069 1369 1164 1430 super
1188 1367 1238 1427 eo,
1259 1346 1347 1430 quod
1370 1346 1486 1407 domus

222 1457 361 1540 quedam
387 1456 487 1517 dIvisa
513 1456 667 1517 extitisset
690 1469 800 1517 contra
823 1456 863 1517 N.
894 1475 1050 1537 generum
1075 1454 1220 1516 eiusdem
1253 1452 1378 1515 Malech
1409 1472 1482 1535 pro·

222 1564 337 1625 ducere
363 1562 558 1638 debuissent,
584 1575 690 1623 tamen
715 1580 780 1622 non
805 1575 972 1638 venerunt,
996 1580 1055 1622 nec
1079 1573 1173 1621 testes
1197 1559 1408 1621 adduxerunt.

328 1669 406 1729 Item
420 1668 497 1729 Iuan
514 1686 609 1749 preco
627 1681 735 1727 contra
754 1665 948 1746 Gregorium
965 1666 1069 1747 primo
1086 1666 1200 1727 citatus
1215 1684 1280 1726 non
1298 1664 1486 1746 comparuit.

328 1775 407 1836 Item
443 1793 538 1835 causa
573 1774 688 1855 Mykus
724 1786 833 1833 contra
869 1771 1043 1832 Matrinum
1079 1771 1120 1832 ad
1155 1771 1295 1853 primum
1332 1769 1488 1830 iudicium

224 1880 368 1942 eiusdem
393 1881 509 1962 Mykus
533 1893 579 1940 est
602 1893 783 1961 prorogata,
801 1877 953 1958 idemque
973 1877 1130 1938 Martinus
1154 1878 1258 1959 primo
1282 1875 1395 1937 citatus
1422 1894 1488 1935 non

224 1985 412 2068 comparuit.
538 2063 540 2068 ,

328 2091 407 2152 Item
433 2090 567 2151 Peterko
591 2102 700 2150 contra
726 2089 895 2150 Marenum
926 2088 1030 2170 primo
1063 2088 1177 2149 citatus
1204 2107 1269 2148 non
1300 2089 1490 2170 comparuit.

250 2324 347 2399 Feria
375 2337 474 2399 sexta
501 2330 656 2416 proxima
687 2334 765 2398 ante
792 2327 914 2397 festum
943 2327 1034 2397 beati
1062 2323 1205 2398 Emerici
1234 2326 1449 2397 confessoris.

739 2507 781 2575 (4.
805 2497 986 2573 novembris).

219 2736 221 2740 Ι
330 2655 439 2716 Primo
464 2654 567 2715 Hema
593 2667 702 2715 contra
727 2653 864 2715 Jancech
894 2652 972 2715 feria
996 2654 1093 2715 tercia
1126 2673 1211 2714 nunc
1235 2667 1368 2716 ventura
1394 2653 1490 2715 debet

224 2780 292 2822 sese
315 2760 414 2821 tercia
438 2778 624 2841 expurgare.

331 2866 410 2927 Item
435 2864 581 2926 Donatus
612 2884 714 2946 usque
746 2864 925 2946 quIndenas
956 2878 1082 2926 tenetur
1113 2866 1236 2927 solvere
1268 2864 1396 2926 Mikech
1420 2863 1487 2926 filio

226 2970 388 3033 Leunardi
413 2971 473 3031 XII
497 2970 566 3034 flor.

331 3078 409 3138 Item
434 3076 578 3138 Francha
601 3075 696 3138 frater
722 3076 845 3138 Iusdem
870 3077 1017 3138 similiter
1034 3095 1136 3157 usque
1161 3078 1340 3158 quindenas
1364 3091 1490 3139 tenetur

226 3184 350 3244 solvere
375 3182 402 3243 V
426 3181 495 3244 flor.

331 3288 410 3348 Item
435 3287 611 3370 Dyonisius
634 3287 729 3349 Irater
752 3289 893 3348 Abraam
918 3307 1018 3369 usque
1043 3287 1225 3368 quindenas
1249 3287 1360 3350 Obrad
1392 3289 1493 3369 pisca·

225 3393 287 3454 tori
311 3405 437 3454 tenetur
460 3393 586 3455 solvere
610 3412 706 3454 unam
732 3411 882 3456 marcam.

332 3498 411 3559 Item
443 3518 536 3560 causa
571 3498 708 3560 Bartuch
740 3511 771 3560 et
802 3498 932 3559 Andree
963 3501 1073 3581 Askyn
1105 3515 1152 3561 est
1182 3499 1223 3561 ad
1255 3513 1329 3561 octo
1354 3499 1421 3559 dies
1453 3498 1493 3559 ad

226 3624 337 3686 pacem
363 3619 544 3685 prorogata.

332 3709 410 3770 Item
436 3710 593 3772 Martinus
614 3724 645 3772 et
670 3712 801 3773 Lukach
825 3724 934 3772 contra
964 3710 1125 3772 Andream
1153 3709 1277 3772 fabrum
1295 3711 1334 3773 ad
1352 3711 1492 3794 primum

227 3814 383 3895 judicium
407 3824 595 3897 receperunt
618 3817 791 3878 terminum
815 3817 856 3877 ad
881 3816 1153 3898 respondendum.

334 3938 412 3999 Item
446 3941 613 4001 Mortonos
645 3940 721 4000 Zedi
755 3953 864 4001 contra
897 3938 1086 4001 Grecicham
1118 3940 1260 4001 secundo
1291 3940 1406 4002 citatus
1428 3961 1492 4002 non

229 4045 418 4126 comparuit.

335 4150 412 4210 Item
431 4169 524 4211 causa
542 4170 604 4231 que
622 4152 754 4212 vertitur
766 4152 848 4212 inter
861 4151 1042 4213 Iohannem
1060 4166 1090 4212 et
1109 4152 1215 4212 Petres
1232 4162 1279 4212 est
1294 4152 1334 4212 ad
1353 4151 1493 4232 primum

230 4253 385 4338 judicium
410 4256 449 4315 ad
475 4275 587 4336 pacem
611 4271 792 4338 prorogata.

337 4363 414 4425 Item
439 4364 543 4444 primo
568 4363 687 4443 judicio
713 4366 834 4447 Symon
868 4379 977 4426 contra
1010 4363 1205 4446 Gregorium
1239 4383 1295 4446 per
1318 4364 1423 4440 Voda‚
1449 4365 1493 4427 St.
1574 4417 1588 4442 ,
1632 4381 1633 4385 ’

231 4485 262 4532 et
286 4470 450 4530 Andream
473 4470 692 4531 testimonium
715 4471 891 4552 producere
917 4470 1012 4532 debet
1028 4490 1122 4552 super
1147 4490 1197 4549 eo,
1222 4469 1309 4551 quod
1335 4469 1494 4531 famulum

231 4594 325 4636 suum
349 4576 546 4636 verberasset
569 4587 600 4636 et
624 4574 825 4638 denudasset.

338 4697 364 4758 E
390 4716 544 4759 converso
573 4716 649 4758 vero
681 4697 766 4760 idem
799 4697 975 4780 Gregorius
1008 4720 1064 4782 per
1094 4700 1270 4777 Andream·,
1293 4698 1442 4759 Matheus
1465 4713 1496 4760 et

232 4799 391 4864 famulum
415 4802 570 4865 Johannis
593 4803 722 4865 sartoris
746 4803 861 4865 eodem
886 4804 937 4866 die
954 4806 1177 4868 testImonium
1203 4804 1378 4887 producere
1402 4804 1498 4866 debet

1389 4911 1425 4971 16
