3488 5250
604 357 689 416 Anno
713 369 804 434 1359.
830 392 872 401 —
898 353 929 416 8.
954 355 1066 416 martti.
1422 376 1478 435 115

324 566 401 628 ltem
425 587 518 629 causa
543 587 606 648 que
624 567 755 629 vertitur
771 567 853 628 inter
874 567 1003 628 Petrum
1028 580 1059 629 et
1075 567 1204 649 Mathey
1229 565 1359 630 fratrem
1376 568 1481 628 Vanae

217 692 274 755 per
299 672 446 734 Matheus
468 686 609 735 sutorem
633 686 747 736 testem
771 674 804 735 in
830 671 913 734 facto
941 673 1154 756 percussionis
1186 672 1228 735 ad
1251 687 1325 737 octo
1349 673 1417 736 dies
1441 673 1481 735 ad

216 797 329 860 pacem
355 790 402 839 est
425 791 607 861 prorogata.

323 882 401 945 Item
439 903 533 945 causa
567 904 629 965 que
669 884 801 946 vertitur
836 885 918 946 inter
954 884 1133 947 Johannem
1169 883 1272 946 filium
1308 889 1416 967 Arney
1452 897 1483 946 et

218 989 391 1071 quemdam
416 990 545 1072 Mathey
569 989 701 1052 nomine
724 990 757 1051 in
781 989 865 1053 facto
886 992 1056 1052 vulnerum
1080 1009 1136 1073 per
1160 990 1316 1051 Jacobum
1341 989 1416 1052 Kun
1440 989 1481 1052 ad

218 1108 291 1156 octo
316 1094 384 1156 dies
408 1108 454 1156 est
479 1109 648 1177 prorogata
673 1096 712 1157 ad
737 1116 861 1179 pacem.

324 1201 401 1262 Item
427 1200 513 1261 Elias
530 1220 646 1282 parvus
669 1216 778 1264 contra
800 1201 909 1263 Rados
926 1201 965 1262 ad
990 1215 1064 1263 octo
1082 1201 1152 1263 dies
1168 1202 1287 1283 recepit
1309 1201 1482 1264 terminum

218 1305 258 1366 ad
283 1305 556 1388 respondendum.

325 1412 403 1472 Item
427 1425 540 1473 octavo
564 1410 615 1472 die
646 1411 754 1473 relicta
781 1413 959 1473 Martinkus
979 1425 1089 1474 contra
1121 1410 1267 1474 Marcech
1291 1425 1418 1474 tenetur
1441 1411 1481 1473 ad

220 1514 316 1577 fidem
342 1517 481 1599 recipere
505 1536 601 1599 super
624 1536 674 1595 eo,
698 1516 786 1598 quod
810 1536 869 1599 pro
886 1517 1018 1578 ductura
1039 1517 1105 1579 vini
1130 1517 1234 1579 dictus
1257 1518 1305 1579 vir
1328 1537 1404 1579 suus
1421 1517 1481 1600 ipsi

219 1621 364 1683 Marcech
389 1623 612 1685 omnimodam
637 1622 794 1705 impendit
817 1623 1028 1685 solucionem.

323 1728 401 1789 Item
426 1741 540 1790 octavo
573 1728 625 1789 die
657 1728 821 1790 Borouina
851 1742 977 1790 tenetur
1007 1747 1063 1810 per
1094 1728 1254 1789 Briccium
1285 1741 1317 1790 et
1348 1747 1480 1790 uxorem

219 1832 360 1915 Dragani
385 1831 466 1895 fabri
496 1847 605 1896 contra
638 1832 740 1895 filiurn
773 1834 914 1895 Prenarii
938 1854 1034 1917 super
1065 1834 1232 1916 vituperiis
1261 1834 1481 1896 testimonium

218 1938 395 2019 producere
418 1952 553 2003 tenetur.

324 2046 401 2108 Item
425 2066 519 2108 causa
550 2065 612 2128 que
644 2047 775 2108 vertitur
807 2047 889 2108 inter
921 2045 1144 2107 Nedelkonem
1177 2059 1208 2108 et
1239 2046 1381 2108 Blasium
1406 2047 1480 2108 Rre-

217 2155 355 2214 mennak
380 2152 421 2214 ad
445 2166 518 2215 octo
543 2152 612 2214 dies
634 2152 675 2214 ad
699 2172 811 2234 pacem
836 2166 882 2214 est
906 2165 1087 2234 prorogata.

323 2259 400 2319 Item
426 2259 577 2320 Nicolaus
594 2257 721 2320 Kordar
746 2271 856 2320 contra
874 2258 971 2319 Janez
996 2257 1131 2339 longum
1155 2258 1262 2339 primo
1287 2258 1399 2320 citatus
1415 2277 1481 2320 non

218 2364 408 2445 comparuit.

323 2470 401 2530 item
426 2489 606 2551 causaque
638 2469 771 2531 vertitur
803 2469 885 2531 inter
909 2470 953 2532 St.
987 2466 1185 2530 aurifabrum
1217 2482 1248 2530 et
1270 2468 1375 2531 filium
1399 2470 1482 2553 Ley-

218 2574 307 2655 poldi
331 2573 372 2635 ad
396 2588 469 2637 octo
494 2574 562 2637 dies
586 2574 626 2636 ad
650 2594 763 2657 pacem
787 2588 834 2638 est
857 2588 1038 2657 prorogata.

324 2681 401 2742 ltem
425 2680 530 2742 Draxe
553 2694 663 2742 contra
680 2680 850 2743 dominum
867 2681 1041 2743 Martinum
1060 2681 1185 2763 Reyniz
1201 2681 1343 2743 secundo
1369 2681 1482 2743 citatus

217 2805 283 2848 non
307 2787 496 2868 comparuit.

323 2891 401 2952 [tem
424 2892 502 2953 luan
527 2892 635 2975 Malyk
659 2907 769 2955 contra
793 2892 986 2975 Gregorium
1010 2894 1115 2976 primo
1148 2894 1261 2955 citatus
1288 2913 1354 2956 non
1393 2913 1481 2956 com·

217 2997 331 3078 paruit.

323 3101 401 3164 item
426 3104 537 3166 Mareu
560 3105 752 3168 subsoliator
775 3119 885 3168 contra
906 3107 1061 3168 Jacobum
1084 3105 1187 3168 filium
1223 3105 1353 3188 Endrey
1376 3106 1481 3188 primo

218 3208 330 3269 citatus
350 3228 413 3270 non
438 3211 626 3292 comparuit.

323 3314 401 3376 item
425 3335 526 3396 usque
550 3316 636 3379 diem
660 3317 905 3398 quindecimum
923 3317 1072 3400 Mychael
1095 3317 1180 3380 filius
1205 3317 1251 3381 St.
1275 3330 1401 3379 tenetur
1417 3318 1480 3379 sol-

219 3438 291 3480 vere
315 3420 462 3483 Arnoldo
487 3423 515 3482 X
539 3421 608 3487 flor.

322 3526 400 3588 ltem
426 3527 519 3589 luech
544 3529 643 3590 Piuka
669 3542 782 3591 octavo
812 3529 863 3590 die
895 3543 1005 3591 contra
1030 3529 1227 3590 Domianum
1258 3529 1402 3591 woschar
1424 3549 1481 3611 per

218 3630 347 3692 Petrum
371 3645 402 3694 et
434 3633 605 3695 Miklinum
636 3634 781 3696 caslarios
811 3647 842 3695 et
874 3634 1062 3695 Sanclinum
1094 3654 1129 3695 ac
1163 3634 1238 3694 inan
1271 3648 1302 3695 et
1333 3634 1480 3696 Marcech

217 3738 437 3800 testimonium
462 3740 638 3821 producere
660 3754 785 3802 tenetur
809 3760 904 3822 super
928 3741 1011 3801 iactu
1035 3740 1171 3802 biccelli.

323 3843 400 3906 Item
426 3846 581 3907 Martinus
617 3847 786 3930 Denketyn
819 3860 927 3908 contra
960 3847 1027 3907 Juri
1058 3861 1200 3907 sutorem
1232 3846 1337 3928 primo
1369 3847 1482 3908 citatus

219 3968 283 4009 non
308 3951 498 4033 comparuit.

324 4056 401 4117 Item
438 4057 548 4119 Petrus
573 4056 760 4139 Oplzauech
792 4070 901 4119 contra
932 4057 1128 4119 Domianum
1160 4058 1303 4120 woschar
1334 4058 1374 4119 ad
1407 4071 1481 4120 octo

218 4163 286 4223 dies
310 4163 428 4243 recepit
451 4164 625 4224 terminum
649 4163 689 4224 ad
714 4162 986 4246 respondendum.

324 4267 401 4328 Item
438 4268 581 4329 Kussech
616 4268 776 4331 aurifaber
818 4269 1039 4351 procuratorio
1081 4270 1212 4330 nomine
1257 4289 1314 4350 pro
1349 4268 1480 4330 domina

220 4371 359 4433 Blancha
384 4386 414 4434 et
438 4373 605 4435 Elizabeth
629 4373 693 4435 filia
719 4395 775 4436 sua
800 4388 910 4436 contra
936 4373 1033 4435 tiliam
1047 4374 1157 4456 Krupe
1184 4388 1214 4435 et
1238 4374 1400 4454 quandam
1416 4394 1480 4436 aer·

219 4478 362 4540 vitricem
387 4478 541 4540 lobannis
565 4479 622 4540 filii
648 4480 814 4542 Laurencii
840 4479 879 4541 ad
905 4494 977 4541 octo
1010 4480 1078 4541 dies
1102 4481 1220 4562 recepit
1242 4481 1415 4542 terminum
1440 4480 1480 4541 ad

220 4584 491 4664 respondendum.

325 4691 401 4751 item
426 4703 539 4752 octavo
563 4691 615 4752 die
640 4691 770 4752 Osanna
795 4703 903 4753 contra
930 4690 1082 4751 Mathiam
1111 4691 1284 4753 litteratum
1303 4703 1368 4751 met
1384 4691 1481 4752 tercia

221 4793 324 4876 jurare
352 4809 488 4857 tenetur.
1377 4881 1393 4911 a
