3488 5250
238 363 279 422 oo
646 347 731 402 Arana
755 358 841 420 1357.
866 380 908 387 —-
933 361 982 422 19.
1006 348 1084 406 nzaii.
1112 353 1122 375 ⁸

239 561 332 643 Nota,
361 563 446 649 quod
463 562 548 632 lesia
576 570 674 632 sexta
703 565 855 650 proxima
881 572 959 651 post
986 564 1108 634 lestum
1136 560 1349 634 Ascensionis
1369 565 1502 635 domini.

778 719 840 789 (19.
864 716 954 789 nteit),

344 869 452 929 Primo
477 889 569 930 causa
595 890 658 950 que
681 871 813 932 vertitur
846 871 927 932 inter
952 871 1131 932 Fabianum
1164 885 1306 932 sutorem
1331 885 1362 932 et
1386 872 1501 933 Farka·

238 975 321 1036 sium
347 973 470 1035 fabrum
496 975 536 1035 ad
561 995 673 1057 pacem
697 976 737 1037 ad
762 991 834 1037 octo
860 977 928 1037 dies
952 990 998 1037 est
1021 990 1202 1057 prorogata.

342 1080 420 1140 Item
445 1079 576 1161 Drugen
602 1096 711 1143 contra
736 1082 910 1142 Martinum
928 1082 1069 1143 secundo
1094 1082 1208 1143 citatus
1230 1101 1295 1143 non
1314 1084 1502 1165 comparuit.

345 1186 424 1246 Item
448 1187 587 1247 Michael
612 1186 701 1248 Iaber
732 1202 842 1248 contra
867 1189 1035 1248 Mortonos
1067 1187 1250 1248 sellatorem
1275 1188 1316 1249 ad
1339 1202 1412 1250 octo
1436 1188 1503 1249 dies

238 1291 358 1372 recepit
381 1293 554 1352 terminum
580 1292 620 1353 ad
649 1293 921 1374 respondendum.

344 1398 422 1458 Item
447 1412 560 1460 octavo
585 1398 637 1459 die
662 1399 791 1461 Markus
815 1400 855 1461 de
880 1398 1089 1459 Wlkomerch
1113 1398 1201 1459 solus
1225 1412 1334 1460 contra
1360 1400 1502 1461 Blasium

239 1503 440 1564 Bremennak
466 1504 496 1564 in
523 1503 656 1565 ecclesia
681 1504 784 1584 jurare
807 1517 934 1566 tenetur
949 1524 1045 1586 super
1062 1523 1111 1582 e0,
1125 1504 1213 1584 quod
1231 1504 1271 1566 de
1283 1505 1413 1567 XXVIII
1430 1504 1499 1567 flor.

237 1607 356 1688 quibus
379 1609 484 1689 ipsum
501 1610 643 1670 Blasium
668 1609 728 1670 sibi
745 1612 846 1672 teneri
864 1610 999 1688 dicebat,
1023 1610 1121 1671 nichil
1140 1611 1309 1692 recepisset
1326 1631 1363 1673 ex
1381 1611 1502 1673 eisdem

237 1716 276 1775 ab
303 1715 390 1796 ipso;
416 1728 446 1776 et
469 1717 509 1776 ab
533 1716 603 1797 ipso
628 1715 680 1776 die
704 1716 737 1776 in
763 1716 935 1797 quindenis
967 1716 1033 1798 ipse
1065 1716 1191 1777 Blasius
1214 1717 1273 1778 sibi
1306 1716 1407 1778 dictos
1438 1715 1496 1777 flo-

237 1839 331 1881 renos
355 1821 479 1881 solvere
503 1822 673 1883 tenebitur.

343 1925 421 1987 Item
432 1927 543 1987 Kurlro
562 1941 671 1988 contra
688 1928 727 1987 N.
745 1927 964 1988 Kuroredicha
983 1929 1087 2010 prImo
1105 1927 1218 1988 citatus
1230 1947 1296 1988 uou
1313 1927 1501 2009 comparuit.

344 2032 422 2093 Item
437 2032 592 2093 Martinus
605 2032 773 2113 Wlkouoy
786 2032 992 2112 quindecimo
1011 2034 1062 2094 die
1079 2046 1204 2094 tenetur
1220 2033 1343 2093 solvere
1359 2031 1502 2094 Franche

238 2137 286 2197 III'
302 2157 416 2219 pensas
441 2138 547 2199 minus
570 2139 599 2198 X
624 2137 782 2199 denarios.

345 2244 422 2305 Item
448 2243 572 2304 Blasius
596 2244 797 2303 Bremennak
822 2257 931 2303 contra
953 2243 1019 2303 Mik
1045 2243 1084 2303 ad
1109 2259 1182 2305 octo
1207 2244 1275 2305 dies
1299 2245 1419 2326 recepit
1440 2257 1501 2305 ter-

238 2348 361 2409 minum
387 2349 427 2409 ad
452 2348 724 2430 respondendum.

343 2454 419 2514 Item
445 2455 525 2515 Zore
550 2468 659 2514 contra
684 2454 769 2514 Milte
793 2453 935 2514 secundo
957 2454 1070 2514 citatus
1095 2474 1159 2515 non
1185 2455 1374 2536 comparuit.

344 2560 421 2620 Item
446 2559 523 2620 Wllr
554 2560 691 2640 lapicida
724 2573 833 2619 contra
857 2559 1001 2619 relictam
1026 2559 1192 2620 Sterniche
1223 2560 1364 2622 secundo
1389 2561 1502 2622 citatus

238 2684 302 2726 non
327 2665 516 2746 comparuit.

345 2771 422 2831 Item
448 2772 485 2831 N.
511 2771 549 2830 de
575 2770 692 2850 Bidrag
726 2783 835 2831 contra
863 2770 998 2830 Paulum
1025 2769 1222 2833 Chesanicza
1254 2773 1353 2833 tercio
1386 2772 1501 2833 citatus

238 2896 303 2938 non
328 2877 517 2958 comparuit.

346 2982 423 3042 Item
449 3002 542 3043 causa
560 3002 622 3062 que
639 2983 772 3042 vertitur
797 2983 879 3043 inter
896 2983 1081 3044 Katerinam
1110 2982 1209 3043 filiam
1234 2981 1356 3043 Pauleti
1381 2996 1412 3043 et
1436 2980 1500 3044 Ga·

238 3089 370 3149 brielem
396 3087 524 3149 fratrem
549 3106 643 3148 suum
667 3087 707 3148 ad
732 3102 805 3148 octo
829 3088 897 3149 dies
920 3089 961 3149 ad
994 3088 1123 3149 finalem
1149 3089 1216 3150 eius
1240 3088 1447 3166 decisionem,
1472 3088 1497 3148 si

237 3193 434 3255 concordare
459 3213 524 3254 non
550 3206 709 3275 poterunt,
734 3207 780 3253 est
804 3210 983 3275 prorogata.

344 3299 421 3360 Item
440 3299 575 3380 Egidius
584 3296 715 3380 pellifex
730 3311 838 3359 contra
851 3298 980 3381 Mathey
993 3299 1097 3381 primo
1108 3299 1220 3360 citatus
1232 3317 1296 3359 uon
1313 3299 1500 3380 comparuit.

346 3404 424 3466 Item
457 3405 613 3465 Martinus
646 3404 769 3485 Reyniz
794 3419 903 3465 contra
935 3403 1092 3466 Gerinum
1123 3404 1163 3464 ad
1195 3416 1268 3464 octo
1293 3404 1360 3464 dies
1383 3404 1501 3485 recepit

237 3510 414 3572 terminum
439 3509 478 3570 ad
504 3509 774 3591 respondendum.

344 3615 420 3676 Item
446 3616 527 3676 Kata
561 3616 675 3676 mulier
709 3630 817 3676 contra
851 3616 937 3677 Mike
971 3617 1181 3677 balniatorem
1212 3630 1327 3677 octavo
1360 3616 1410 3677 die
1436 3629 1500 3678 met

238 3734 350 3801 quarta
372 3741 466 3802 super
490 3721 716 3782 vulneracione
740 3741 795 3782 sua
819 3734 944 3782 tenetur
970 3722 1131 3803 deponere
1155 3721 1384 3800 juramentum.

344 3826 421 3888 Item
448 3827 545 3887 Iuana
577 3826 694 3887 mulier
726 3841 840 3887 octavo
873 3828 923 3887 die
956 3841 1065 3888 contra
1098 3828 1241 3908 Leplram
1273 3842 1337 3888 met
1361 3827 1500 3888 secunda

239 3952 333 4013 super
357 3933 584 4018 vulneracione
609 3932 823 4007 iuramentum
847 3933 1007 4015 deponere
1031 3947 1167 3995 tenetur.

342 4039 420 4100 Item
448 4053 561 4100 octavo
584 4039 636 4099 die
660 4039 791 4099 domina
817 4039 1015 4120 Margaretha
1040 4039 1147 4099 relicta
1173 4037 1315 4116 GianInI,
1341 4039 1416 4100 dicti
1440 4038 1498 4099 Pa-

237 4144 373 4227 ganoch,
398 4164 503 4205 coram
536 4144 630 4204 nobis
661 4144 881 4222 instrumenta,
916 4144 941 4204 si
967 4163 1029 4224 qua
1065 4143 1195 4205 habebit
1218 4164 1312 4225 super
1345 4159 1415 4206 orto
1439 4163 1497 4225 pro

239 4269 304 4331 quo
328 4249 409 4310 inter
434 4250 535 4330 ipsam
557 4263 586 4310 et
618 4248 796 4310 Iohannem
822 4249 945 4309 Zobota
970 4250 1096 4329 questio
1131 4251 1321 4327 vertebatur,
1347 4249 1495 4310 exhibere

239 4356 378 4433 debebit,
403 4370 511 4416 utrum
535 4356 601 4436 ipse
626 4369 713 4416 ortus
745 4354 785 4415 ad
816 4356 916 4435 ipsam
948 4355 1141 4435 pertineret;
1175 4369 1247 4436 post
1282 4373 1420 4435 quorum
1446 4373 1497 4414 ex-

238 4460 434 4523 hibicionem
460 4463 484 4523 si
508 4481 585 4522 suus
608 4461 660 4523 liet
684 4476 715 4521 et
740 4462 772 4522 in
800 4461 876 4543 ipsis
908 4461 1126 4522 instrumentis
1157 4461 1310 4541 aparebit,
1334 4474 1410 4522 tuuc
1435 4473 1500 4520 met

238 4567 334 4629 tercia
351 4567 465 4629 eodem
490 4568 542 4629 die
566 4567 692 4646 jurabit,
724 4567 812 4647 quod
830 4569 951 4648 absque
967 4586 1025 4627 suo
1050 4567 1130 4628 scitu
1154 4579 1185 4627 et
1200 4567 1365 4627 voluntate
1388 4566 1500 4626 Petrus

238 4670 323 4735 filius
346 4693 422 4734 suus
446 4675 550 4756 ipsum
566 4673 685 4734 Mathie
702 4673 929 4754 inpignoravit,
953 4685 1024 4754 post
1041 4672 1132 4732 cuius
1148 4672 1399 4754 depositionem,
1415 4670 1500 4732 utili-

238 4791 318 4841 tates
342 4792 417 4841 tunc
449 4780 482 4841 iu
514 4779 584 4860 ipso
616 4779 802 4840 constitutas
833 4778 899 4860 ipse
924 4778 950 4840 J.
982 4777 1131 4854 habebit;
1155 4790 1244 4839 ortus
1275 4795 1351 4837 vero
1385 4789 1500 4837 extunc
