3488 5250
650 352 850 431 Ann01363.
873 390 917 399 -
937 369 970 430 9.
987 354 1085 432 junii.
1433 354 1492 418 281

232 566 348 628 tercius
370 585 465 649 super
489 585 539 645 eo,
563 565 651 646 quod
675 565 843 648 capucium
868 584 963 626 suum
987 579 1018 627 et
1034 566 1219 627 cenebrium
1254 586 1319 627 non
1344 566 1498 649 receperit

233 692 291 734 nec
314 672 490 750 scelaverit,
516 691 574 733 nec
599 684 793 734 retentorem
814 671 902 749 sciat,
926 686 1159 735 sacramentum
1184 685 1322 753 prestare
1347 671 1452 735 debet.

338 778 416 839 Item
449 796 542 839 causa
575 776 736 839 Christani
769 790 800 838 et
831 776 925 838 Radlc
958 775 998 838 ad
1034 775 1145 838 feriam
1177 791 1296 839 sextam
1338 777 1439 839 eciam
1471 777 1497 838 si

232 897 356 945 tantum
381 903 465 945 unus
487 883 539 945 vel
563 882 629 945 duo
653 882 794 964 judicum
813 882 1020 963 antiquorum
1039 882 1192 945 tribunali
1216 882 1428 944 consederent
1451 895 1498 944 est

233 1003 413 1070 prorogata.

339 1094 416 1157 Item
443 1113 536 1156 causa
568 1093 651 1155 Petri
684 1092 885 1155 Letouanich
913 1106 1023 1156 contra
1056 1094 1169 1155 Konch
1200 1097 1260 1156 sub
1291 1094 1498 1157 fideiussione

234 1200 319 1262 Mixe
343 1199 490 1282 pellificis
514 1198 625 1261 estad
650 1212 723 1260 octo
747 1199 816 1259 dies
839 1212 1020 1281 prorogata.

342 1306 420 1368 Item
446 1306 478 1367 In
503 1304 676 1385 quindenis
693 1303 842 1385 Dragona
859 1317 985 1366 tenetur
1001 1307 1123 1367 solvere
1148 1303 1279 1387 Gyuralr
1303 1306 1401 1368 sutori
1419 1305 1498 1367 duas

234 1430 368 1489 marcas,
392 1410 467 1492 quia
491 1410 619 1492 proprie
644 1428 771 1470 causam
796 1422 997 1472 retractatam
1015 1410 1192 1492 aprobavit,
1216 1425 1253 1490 et
1269 1411 1429 1493 judicibus
1450 1412 1497 1494 ju·

234 1516 310 1577 ratis
334 1515 373 1578 III
398 1535 513 1597 pensas
535 1534 594 1596 pro
619 1514 746 1576 duobus
762 1512 899 1596 judiciis,
916 1515 1005 1576 salvo
1021 1514 1141 1595 judicio
1159 1515 1273 1598 judicis
1288 1517 1497 1599 precedentis.

340 1621 418 1683 Item
442 1640 544 1703 usque
568 1620 748 1701 quindenas
772 1620 888 1682 Palech
911 1634 1037 1683 tenetur
1063 1621 1186 1683 solvere
1213 1622 1370 1704 Dyoniaio
1396 1642 1497 1686 sacer·

236 1727 303 1789 doti
325 1727 404 1789 duas
428 1747 551 1810 pensas,
576 1743 606 1788 er
630 1727 705 1808 quia
728 1740 776 1789 ter
800 1727 913 1788 citatus
930 1746 994 1788 non
1020 1728 1199 1809 comparuit
1223 1728 1297 1790 ideo
1315 1728 1346 1790 in
1371 1728 1499 1809 judiciis

235 1833 393 1893 consuetis
417 1833 577 1895 remansit.

339 1938 416 1999 Item
442 1939 569 1999 Marcus
593 1951 704 1999 contra
734 1936 838 1999 filium
863 1937 949 1999 Petri
980 1937 1128 2020 Krapecb
1151 1938 1256 2019 primo
1289 1939 1402 2000 citatus
1432 1958 1496 2000 non

236 2044 425 2125 comparuit.

316 2141 318 2147 ’
339 2148 418 2211 Item
444 2149 600 2210 Martinus
625 2147 784 2211 Denlcetin
809 2161 919 2209 contra
944 2147 1114 2209 Nicolaum
1138 2146 1338 2210 aurifabrum
1354 2149 1498 2211 secundo

235 2253 347 2315 citatus
371 2274 440 2316 non
465 2253 655 2336 comparuit.

338 2356 416 2421 Item
434 2359 564 2442 Lucych
582 2370 692 2420 contra
709 2359 925 2420 Laureocium
941 2359 1083 2420 secundo
1101 2359 1214 2421 citatus
1227 2379 1292 2420 non
1309 2361 1497 2442 comparuit.

340 2465 417 2526 Item
442 2464 591 2527 Todcam
614 2478 725 2526 contra
749 2464 930 2526 Iohannem
952 2465 1057 2547 primo
1082 2465 1195 2527 citatus
1219 2485 1285 2526 non
1309 2466 1498 2548 comparuit.

340 2570 417 2632 Item
442 2584 556 2632 octavo
581 2569 633 2632 die
657 2569 787 2652 jobagio
824 2571 939 2653 Maryn
963 2590 995 2632 se
1027 2570 1188 2632 secundus
1219 2584 1328 2632 contra
1358 2569 1497 2652 judicem

235 2674 359 2736 domiui
384 2675 468 2737 Petri
493 2675 533 2736 de
565 2676 689 2754 boalia,
721 2694 780 2756 pro
811 2694 877 2757 quo
916 2675 948 2737 in
980 2675 1039 2737 bac
1070 2695 1162 2737 causa
1196 2675 1364 2737 fideiubuit
1388 2675 1499 2738 Petrus

237 2778 366 2860 Donati,
397 2779 514 2862 jurabit
545 2798 714 2862 supereo,
748 2781 837 2861 quod
869 2781 901 2841 In
936 2780 1052 2863 pedem
1087 2801 1178 2842 suam
1215 2780 1311 2843 fuerit
1333 2801 1390 2864 per
1424 2801 1497 2843 eum

236 2885 431 2948 vulneratus.

341 2991 419 3053 Item
445 2991 530 3052 idem
555 2990 593 3051 de
619 2992 730 3053 Lonka
755 2991 787 3052 in
812 2992 884 3052 aliis
912 2992 1014 3053 causis
1038 3006 1146 3053 contra
1172 2991 1247 3053 dicti
1273 2993 1386 3075 Maryn
1410 2992 1499 3074 joba·

233 3096 364 3177 gionem
385 3096 425 3158 ad
443 3110 515 3158 octo
540 3096 608 3158 dies
632 3097 752 3178 recepit
775 3097 947 3158 terminum
974 3096 1013 3158 ad
1038 3097 1310 3178 respondendum,
1335 3098 1375 3159 acl
1400 3117 1498 3179 quam

233 3202 451 3282 responsivam
475 3202 501 3263 si
525 3221 591 3263 non
615 3202 754 3279 venerit,
784 3203 865 3285 parti
890 3203 996 3264 actrici
1023 3203 1126 3265 littere
1159 3203 1320 3265 dabuntur
1344 3218 1498 3285 tanquam

235 3323 344 3371 contra
368 3329 470 3371 teum.

340 3416 418 3476 Item
442 3416 541 3476 Iurko
565 3415 670 3497 prImo
698 3415 811 3477 citatus
836 3429 945 3476 contra
970 3416 1067 3477 Jurko
1091 3435 1156 3476 non
1181 3416 1370 3497 comparuit.

341 3522 417 3583 Item
444 3521 627 3584 Demetrius
650 3522 755 3601 primo
786 3522 899 3583 citatus
927 3535 1036 3583 contra
1062 3521 1106 3584 St.
1131 3542 1196 3583 non
1221 3523 1409 3604 comparuit.

297 3756 392 3842 Nata,
420 3759 507 3831 feria
535 3767 633 3831 sexta
661 3760 817 3848 proxima
844 3768 922 3848 past
951 3767 1090 3831 octavas
1119 3763 1272 3848 corporis
1301 3727 1436 3831 Christi.

686 3902 688 3907 ’
773 3924 820 3991 (9.
843 3912 950 3988 jane).

340 4051 448 4112 Primo
481 4071 575 4113 causa
606 4071 670 4133 que
702 4052 834 4113 vertitur
866 4052 948 4112 inter
982 4050 1084 4112 filium
1118 4050 1246 4111 Kordus
1279 4064 1310 4112 et
1335 4049 1498 4111 Donatum

234 4170 474 4235 procuratorem
498 4156 657 4218 Ianchech
675 4157 714 4218 ad
740 4169 813 4218 octo
830 4156 898 4218 dies
919 4156 1023 4218 taliter
1047 4170 1092 4217 est
1109 4169 1292 4237 prorogata,
1316 4155 1403 4235 quod
1422 4155 1497 4236 quia

234 4261 300 4342 ipse
326 4261 472 4324 Donatus
495 4262 656 4342 allegabat
691 4261 794 4324 filium
817 4262 922 4343 Bolog
948 4259 1084 4324 fundum
1118 4263 1223 4343 ipsum
1255 4282 1271 4322 a
1303 4280 1411 4322 sorore
1443 4280 1499 4322 sua

234 4367 417 4446 redemisse,
441 4381 471 4429 et
495 4387 590 4449 super
614 4367 675 4429 hoc
700 4369 847 4449 sperabat
871 4387 904 4429 se
928 4367 977 4448 jus
1001 4387 1093 4449 posse
1128 4366 1256 4444 habere,
1281 4368 1355 4429 ideo
1379 4368 1404 4428 si
1429 4367 1499 4448 ipso

234 4471 286 4534 dle
311 4486 424 4533 octavo
457 4473 523 4554 ipse
555 4472 701 4535 Donatus
733 4493 829 4556 super
861 4473 1087 4555 redempcione
1121 4471 1212 4534 fundi
1245 4473 1293 4553 jus
1323 4472 1500 4554 producere

234 4579 361 4659 poterit,
386 4580 468 4641 bene
492 4579 636 4661 quidem,
660 4559 806 4660 alioquin
822 4579 946 4641 Iusticia
972 4578 1065 4640 detur
1088 4579 1120 4640 in
1146 4599 1239 4641 causa
1264 4579 1454 4660 supradicta.

340 4685 418 4746 Item
442 4705 536 4746 causa
553 4685 638 4746 Petri
662 4683 719 4746 lilii
737 4684 891 4746 Valterini
917 4699 948 4746 et
967 4686 1077 4747 Maren
1102 4685 1141 4746 ad
1159 4699 1286 4747 octavas
1310 4683 1387 4746 ferie
1404 4684 1500 4745 tercie

236 4790 345 4852 estad
369 4809 481 4874 pacem
505 4803 687 4873 prorogata.
