3488 5250
640 328 727 386 Anno
750 338 840 406 1359·
865 359 908 373 -
930 340 981 389 22.
1005 326 1136 386 octobris

1365 430 1521 446 ——m-

254 538 435 621 predictum
467 537 631 600 illatorum
662 537 702 599 ed
733 552 809 599 octo
840 535 908 598 dics
940 534 981 597 nd
1005 535 1211 599 concordiem
1244 534 1358 597 velud
1390 533 1518 598 finalem

254 643 454 706 decisionem
477 657 525 706 est
548 657 729 727 prorogata.

360 748 438 811 Item
462 748 547 811 filius
573 749 697 813 Petreni
722 762 833 811 contre
857 747 964 812 Isnchlt
987 761 1102 810 octavo
1126 747 1179 810 die
1203 747 1298 808 debet
1321 745 1435 828 jurare.

360 855 439 916 Item
463 875 556 917 cause
581 874 644 936 qne
668 855 751 916 inter
774 853 919 916 relictam
936 855 1116 916 Mertinkus
1138 867 1169 916 et
1193 854 1309 936 Mykus
1331 852 1463 914 vertitur
1479 850 1521 913 sd

254 959 366 1023 feriam
391 973 510 1022 sextam
534 960 575 1022 ad
599 958 729 1022 finalem
753 959 949 1025 decisionem
974 972 1021 1022 est
1044 972 1226 1041 prorogata.

361 1067 440 1130 Item
465 1070 558 1128 Anus
583 1080 697 1128 octavo
721 1065 774 1127 die
790 1077 857 1128 met
872 1067 968 1128 tercie
986 1079 1096 1127 contra
1121 1063 1301 1126 Obramum
1327 1063 1425 1126 ZoIsr
1445 1081 1520 1145 pro·

254 1187 434 1235 curatorem
458 1174 566 1235 uxoris
591 1172 754 1234 Kurkonis
777 1171 881 1252 jurare
904 1171 1010 1234 debet.

360 1280 437 1342 Item
473 1277 693 1359 Wrngouicha
725 1291 835 1340 contra
873 1277 1074 1339 RadozIaum
1106 1276 1260 1359 pistorem
1293 1275 1393 1339 tercio
1425 1275 1518 1337 citata
1545 1298 1549 1302 ·

253 1403 320 1445 non
344 1385 533 1467 comparuit.

360 1490 440 1552 Item
463 1505 577 1553 octavo
601 1490 654 1552 die
678 1488 855 1571 Gregorius
888 1489 1037 1571 vigilator
1060 1501 1172 1551 contra
1200 1507 1324 1550 socrum
1348 1507 1437 1550 susm
1462 1506 1518 1569 per

253 1597 448 1675 Verkonem,
473 1596 653 1658 Iohannem
678 1596 829 1678 pistorem
855 1608 885 1656 et
911 1595 1049 1660 Paulum,
1070 1595 1273 1676 vigiutorem
1296 1593 1517 1657 testimonium

253 1702 430 1785 producere
455 1702 551 1765 debet
573 1722 668 1784 super
691 1721 742 1781 eo,
766 1701 853 1784 quod
878 1702 945 1784 ipsa
968 1701 1066 1762 sliam
1089 1700 1296 1764 medietatem
1320 1698 1436 1764 domus
1460 1717 1517 1760 sue

252 1808 314 1868 sibi
339 1821 370 1868 et
391 1808 481 1869 uxori
506 1828 562 1870 sue
587 1787 746 1869 donasset.

361 1913 438 1975 Item
464 1913 530 1995 ipss
555 1933 664 1974 socrus
687 1933 744 1975 sun
772 1927 882 1975 contra
907 1913 1011 1994 ipsum
1044 1912 1159 1974 eodem
1184 1912 1316 1993 disper
1339 1909 1517 1987 Ksthriam,

254 2019 433 2080 Radichnm
458 2031 489 2079 et
512 2038 644 2081 uxorem
671 2019 799 2081 Martini
824 2019 960 2081 Zelezen
991 2017 1211 2080 testImonium
1235 2036 1329 2099 super
1352 2015 1519 2097 vituperiis

252 2139 285 2188 et
308 2127 495 2189 verberibus
518 2125 696 2209 producere
721 2125 825 2187 debet.

252 2343 375 2416 Tereia
402 2344 489 2416 seria
524 2346 679 2433 proxima
716 2357 793 2432 post
828 2344 951 2415 festum
980 2345 1133 2414 undecim
1168 2342 1310 2413 miilirrm
1337 2341 1516 2428 virginum.

771 2497 833 2570 (22.
856 2496 999 2572 octobn‘s).

359 2653 468 2713 Primo
493 2651 653 2733 Georgius
684 2650 842 2714 Busaldus
874 2671 974 2732 usque
1005 2650 1190 2732 quindecIm
1220 2649 1290 2711 dies
1319 2668 1375 2730 per
1407 2668 1441 2711 se
1464 2649 1517 2711 vel

253 2774 493 2844 procuratorem
519 2773 643 2822 tenetur
659 2759 783 2822 solvere
804 2759 938 2821 domino
962 2758 1049 2821 fratri
1067 2759 1195 2820 Thome
1212 2758 1364 2840 episcopo
1388 2756 1459 2820 flor.
1475 2757 1516 2820 x.

252 2917 256 2925 .
361 2865 439 2927 Item
464 2865 571 2928 Cattis
596 2880 626 2927 et
644 2864 812 2927 Iohannes
836 2865 871 2928 Z.
895 2881 1005 2926 contra
1022 2865 1200 2946 Georgium
1224 2862 1380 2925 Ztnunich
1411 2862 1516 2945 primo

252 2972 339 3034 citati
364 2991 430 3033 non
454 2984 712 3053 comparuerunt.

361 3077 437 3138 Item
463 3076 569 3155 Inech‚
592 3076 776 3138 Anthonius
799 3090 830 3138 et
854 3076 1002 3160 Mychnel
1033 3088 1141 3137 contra
1173 3074 1312 3136 eundem
1336 3072 1515 3154 Georgium

252 3184 360 3266 prImo
383 3183 470 3244 citati
492 3202 557 3245 non
582 3199 839 3264 comparuerunt.

361 3289 439 3349 Item
463 3301 577 3350 octavo
601 3289 653 3349 die
678 3288 839 3350 Johannes
868 3288 1038 3349 Barbetius
1069 3300 1178 3348 contra
1201 3286 1363 3348 Andream
1388 3285 1515 3349 fabrum

159 3392 163 3400 '
250 3408 379 3458 tenetur
401 3392 450 3475 ius
474 3393 623 3456 exhibere
646 3414 721 3456 cum
744 3414 810 3477 quo
834 3395 1038 3456 medietatem
1063 3392 1153 3454 fundi
1177 3405 1273 3474 atque
1297 3393 1414 3454 domus
1437 3411 1514 3454 con·

252 3501 327 3561 darn
353 3500 510 3561 consortis
532 3519 588 3560 sue
613 3500 810 3581 dignoscitur
837 3499 1010 3582 possidere.

359 3605 438 3666 Item
455 3604 651 3688 Meynardus
672 3619 780 3668 contra
798 3605 977 3667 Francham
991 3606 1095 3687 prImo
1113 3605 1225 3665 citatus
1245 3622 1311 3664 non
1324 3603 1513 3684 comparuit.

340 3712 437 3773 ‚Item
465 3711 579 3793 Mykus
603 3711 724 3790 juratus
746 3724 861 3772 octavo
893 3711 945 3772 die
976 3723 1088 3771 contra
1110 3710 1264 3771 Iacobum
1296 3707 1398 3770 filium
1429 3709 1514 3771 Mer·

251 3818 478 3898 tinkussuper
501 3815 571 3878 XIII
596 3815 666 3879 flor.
691 3829 757 3878 met
772 3817 889 3878 tercius
911 3815 1015 3897 jurare
1040 3815 1145 3878 debet.
1429 3819 1431 3822 ’

359 3922 437 3983 Item
460 3921 599 3983 Meduch
623 3920 719 3984 irater
742 3922 903 3983 Valentini
935 3921 1108 3983 ss‘cerdotis
1139 3934 1247 3982 contra
1272 3921 1348 3982 Iusn
1373 3920 1513 3983 PInuesh

251 4027 358 4108 primo
382 4026 496 4089 citatus
522 4047 587 4089 non
613 4029 801 4110 comparuit.

359 4132 436 4193 Item
461 4145 575 4194 octavo
599 4132 651 4194 dIe
683 4133 813 4216 Mathey
844 4147 953 4195 contra
978 4133 1055 4194 Iuan
1087 4130 1227 4193 Plauech
1258 4132 1298 4193 de
1322 4132 1513 4196 condicione

251 4237 375 4298 culture
399 4238 491 4299 vinee
515 4258 571 4320 per
595 4238 699 4299 Elium
732 4258 876 4320 parvum,
902 4239 945 4300 St.
978 4250 1009 4298 et
1040 4237 1165 4298 Marcus
1196 4238 1415 4300 resumonium
1439 4258 1512 4320 pro·

248 4340 368 4402 ducere
391 4354 527 4404 tenetur.

358 4447 435 4509 Item
460 4449 621 4511 Iohannes
645 4464 746 4511 sertor
769 4462 878 4511 contre
901 4448 1038 4510 Katham
1062 4449 1101 4510 nd
1126 4464 1199 4511 octo
1223 4449 1292 4511 dies
1314 4452 1434 4532 recepit
1450 4466 1511 4511 ter-

251 4550 376 4612 minum
401 4553 440 4613 nd
464 4555 736 4635 respondendum.

358 4657 436 4719 Item
460 4659 548 4721 Elias
572 4679 687 4742 pervus
704 4659 947 4741 quintodecimo
971 4658 1023 4720 die
1039 4659 1195 4721 adventus
1218 4661 1267 4721 sui
1291 4660 1323 4721 in
1349 4660 1511 4723 ciuitatem

250 4771 378 4823 tenetur
400 4763 524 4825 solvere
549 4763 750 4827 Lnncholoto
774 4764 916 4845 quinque
941 4763 1010 4825 flor.
