3488 5250
650 369 735 424 Anno
759 363 848 442 1356.
873 400 915 409 -
940 380 987 427 12.
1005 367 1090 441 julii.
1462 368 1500 428 61

240 594 335 656 super
358 594 408 653 eo,
434 575 522 656 quod
546 575 614 656 ipsa
638 575 740 638 noctis
764 577 823 636 sub
854 576 987 636 silencio
1012 576 1051 637 de
1084 574 1183 636 domo
1207 596 1264 636 sua
1287 596 1361 637 cum
1386 577 1504 657 quibus

242 683 337 743 rebus
360 681 425 742 suis
450 681 590 743 exulavit
613 695 644 742 et
666 681 755 762 quod
780 680 1006 743 verecundiam
1041 681 1074 742 in
1100 681 1198 742 domo
1223 701 1279 742 sua
1303 680 1439 744 fecisset.

347 805 425 867 Item
452 806 527 886 quia
551 806 662 867 Maren
679 818 767 866 sutor
792 804 917 866 Mikech
939 805 1078 866 condam
1095 803 1245 884 judicem,
1270 805 1302 865 in
1333 819 1505 886 conspectu

241 909 365 990 judicis,
390 912 495 972 verbis
520 911 739 993 opprobriosis
763 924 793 971 et
826 911 973 992 turpibus
996 910 1185 991 petractavit
1214 924 1245 971 et
1269 911 1311 971 ob
1337 910 1396 971 hoc
1419 911 1508 972 testi·

240 1017 351 1078 monio
375 1015 546 1079 sufficienti
571 1015 632 1078 luit
653 1019 910 1098 comprobatum,
934 1015 1008 1078 ideo
1033 1017 1087 1076 llll
1112 1035 1234 1077 marcas
1255 1035 1314 1098 pro
1339 1030 1427 1098 parte
1451 1016 1507 1078 ad·

240 1142 329 1184 versa
353 1136 384 1184 et
408 1143 505 1184 unam
530 1143 588 1205 pro
612 1123 717 1204 judice
754 1123 920 1185 convictus
951 1136 998 1185 est
1022 1123 1091 1204 ipso
1116 1121 1200 1185 lacto
1230 1122 1402 1184 solvendas
1426 1121 1507 1184 infra

241 1228 424 1309 quindecim
451 1229 536 1304 dies;
560 1229 649 1290 salvo
679 1229 824 1310 quodam
855 1228 1027 1310 potenciali
1061 1227 1181 1309 judicio
1206 1228 1238 1289 in
1271 1247 1337 1309 quo
1361 1228 1508 1290 similiter

242 1355 299 1416 per
321 1335 468 1418 ydoneos
491 1335 577 1398 viros
600 1349 707 1397 contra
726 1335 865 1396 eundem
883 1335 1009 1396 Mikech
1033 1333 1173 1415 judicem
1198 1348 1245 1396 est
1268 1334 1443 1414 convictus,
1466 1335 1507 1397 de

240 1460 306 1521 quo
331 1455 484 1522 tanquam
509 1441 680 1524 potenciali
706 1440 826 1521 judicio
851 1439 932 1502 infra
966 1441 1141 1502 terminum
1173 1439 1328 1521 prefixum
1353 1439 1451 1522 judici
1476 1455 1507 1503 et

241 1547 322 1628 parti
347 1547 479 1609 adverse
503 1561 628 1609 tenetur
651 1545 842 1608 satisfacere.
868 1547 908 1608 Et
931 1546 956 1606 si
980 1546 1115 1607 ulterius
1138 1565 1171 1606 se
1194 1565 1259 1607 non
1285 1545 1506 1608 emendaverit
1530 1536 1533 1539 ¹

240 1654 271 1714 in
304 1654 370 1714 suis
405 1653 570 1715 maleficiis
594 1667 625 1715 et
659 1667 843 1733 temporum
876 1653 907 1712 in
939 1671 1090 1733 processu
1126 1651 1159 1712 in
1195 1652 1418 1712 consimilibus
1455 1651 1505 1712 vel

240 1759 416 1820 maioribus
439 1760 489 1820 vel
520 1759 685 1841 quibusvis
716 1778 772 1839 per
805 1758 990 1839 quempiam
1023 1758 1246 1835 convincetur,
1280 1770 1396 1819 extunc
1420 1758 1506 1819 iuxta

239 1865 569 1947 tenoremprivilegii
605 1865 761 1927 libertatis
793 1878 899 1926 nostre
923 1864 962 1925 de
994 1864 1122 1925 civitate
1154 1862 1366 1926 habitacionis
1397 1877 1505 1926 nostre

237 1972 372 2053 turpiter
395 1984 550 2053 tanquam
574 1970 760 2034 malefactor
784 1985 815 2033 et
839 1969 967 2032 infamis
991 1969 1182 2052 expellatur.

344 2095 422 2156 ltem
447 2109 560 2157 octavo
585 2096 636 2156 die
667 2094 804 2156 Volinus
826 2108 952 2155 tenetur
971 2093 1114 2154 valorem
1133 2093 1271 2155 duorum
1296 2095 1430 2173 bouum,
1453 2114 1502 2156 se-

239 2201 379 2262 cundum
405 2202 493 2283 quod
518 2202 575 2263 illo
598 2215 744 2283 tempore
769 2201 949 2278 valuerunt,
973 2199 1013 2260 ad
1038 2198 1135 2261 fidem
1159 2200 1310 2280 recipere.

344 2324 422 2385 ltem
447 2324 712 2386 adiudicaverunt
728 2325 823 2406 judex
849 2337 880 2385 et
903 2324 1006 2404 jurati,
1024 2339 1059 2384 ut
1075 2324 1100 2384 si
1125 2323 1234 2385 relicta
1252 2321 1385 2385 Gianini
1403 2343 1505 2405 usque

238 2429 373 2491 tercium
398 2430 484 2491 diem
502 2431 620 2491 LXXX
637 2429 706 2492 flor.
724 2430 799 2492 dare
816 2430 934 2512 poterit
951 2429 1021 2490 Elie
1039 2429 1242 2507 stacionario,
1260 2430 1342 2490 bene
1360 2429 1503 2510 quidem,

238 2549 314 2597 tunc
346 2536 524 2617 empcionis
555 2536 648 2598 titulo
680 2536 841 2617 palacium
873 2555 966 2597 suum
999 2534 1195 2618 possidebit;
1231 2535 1376 2616 alioquin
1410 2548 1505 2616 prout

240 2640 342 2722 ipsum
368 2641 529 2723 palacium
553 2641 704 2703 dominus
739 2642 851 2703 Petrus
882 2640 966 2702 filius
992 2641 1110 2721 Ligarii
1143 2640 1360 2702 mediantibus
1391 2640 1505 2703 litteris

239 2746 394 2809 Anthonii
419 2748 556 2809 condam
582 2747 694 2826 judicis
729 2768 803 2809 cum
836 2746 938 2809 lundo
969 2746 1116 2808 vendidit
1140 2746 1209 2807 Elie
1241 2747 1436 2829 supradicto,
1460 2747 1503 2809 ita

239 2853 377 2913 eundem
404 2852 506 2914 dictus
531 2853 617 2914 Elias
652 2852 832 2934 cuicunque
872 2852 1011 2914 vendere
1042 2852 1159 2932 poterit
1182 2851 1316 2912 liberam
1342 2852 1503 2914 vendendi

238 2955 368 3019 habebit
391 2956 587 3020 facultatem.

343 3065 421 3126 ltem
458 3065 603 3126 Andreas
638 3077 745 3126 contra
783 3064 994 3125 Benedictum
1031 3062 1216 3144 selliparum
1249 3062 1354 3144 primo
1388 3062 1501 3124 citatus

239 3189 303 3230 non
329 3172 519 3252 comparuit.

343 3277 421 3338 ltem
454 3278 492 3338 N.
527 3276 612 3339 filius
645 3277 809 3339 Benedicti
842 3277 1028 3357 protestavit
1061 3275 1149 3356 quod
1181 3275 1339 3336 Martinus
1371 3274 1505 3336 dederat

238 3382 400 3463 quandam
433 3383 621 3464 particulam
653 3383 746 3443 vinee
779 3384 901 3443 luuano
934 3382 1026 3463 prol
1060 3401 1165 3443 marca
1195 3395 1226 3442 et
1257 3380 1344 3441 idern
1368 3380 1445 3441 luan
1470 3380 1502 3441 in

238 3489 386 3548 extremis
408 3489 473 3549 suis
498 3489 584 3549 dicto
610 3488 748 3549 Martino
772 3488 890 3569 legavit
914 3503 945 3549 et
969 3487 1101 3548 dimisit.

342 3613 421 3673 ltem
447 3612 638 3674 Benedictus
661 3611 790 3691 sellipar
815 3626 923 3673 contra
958 3612 1169 3692 Margaretam
1194 3609 1235 3671 od
1260 3623 1335 3672 octo
1362 3609 1429 3670 dies
1452 3629 1499 3670 re·

237 3719 321 3800 cepit
343 3719 518 3780 terminum
542 3718 582 3778 ad
607 3717 879 3798 respondendum.

343 3825 420 3886 ltem
446 3825 549 3886 Pousa
574 3840 684 3886 contra
709 3824 853 3885 Marcum
878 3823 977 3884 tercio
1002 3823 1115 3884 citatus
1137 3843 1203 3884 non
1228 3822 1417 3904 comparuit.

342 3932 420 3993 ltem
446 3931 617 3992 Ladizlaus
640 3946 754 3992 octavo
779 3930 830 3991 die
855 3943 921 3991 met
949 3942 1055 3990 sextus
1080 3943 1188 3990 contra
1220 3928 1425 3989 Radmanum
1450 3947 1501 3988 ra-

238 4037 329 4098 cion'e
355 4037 410 4097 LX
436 4037 640 4098 denariorum
664 4051 791 4098 tenetur
815 4035 976 4116 deponere
1001 4033 1228 4113 juramentum.

342 4143 418 4203 ltem
445 4142 628 4203 Radozlaus
651 4143 751 4223 pistor
775 4155 888 4202 octavo
913 4141 965 4202 die
985 4154 1111 4201 tenetur
1135 4139 1356 4201 testimonium
1380 4137 1498 4220 produ-

236 4267 305 4308 cere
330 4268 385 4329 per
409 4248 606 4309 chhenum
632 4262 739 4309 contra
765 4247 889 4308 Petrich
912 4260 1055 4306 sutorem
1079 4265 1174 4327 super
1196 4244 1373 4326 vituperiis.

342 4373 419 4432 ltem
445 4373 558 4432 lalrrno
582 4371 785 4452 apotekarius
809 4371 936 4432 racione
953 4389 1066 4430 census
1092 4369 1207 4429 domus
1230 4379 1444 4448 assumpserat
1468 4366 1500 4427 in

237 4478 374 4558 presenti
399 4477 518 4558 judicio
543 4491 716 4558 protestare
741 4496 814 4537 cum
840 4476 977 4537 Martino
1003 4489 1034 4535 et
1058 4494 1123 4534 non
1148 4473 1381 4553 comprobavit.

341 4585 420 4645 ltem
446 4583 584 4644 Gerinus
609 4597 718 4643 contra
744 4582 936 4642 luuaninum
972 4599 1143 4661 preconem
1168 4579 1273 4660 primo
1298 4578 1411 4639 citatus
1434 4596 1499 4637 non

236 4690 424 4771 comparuit.

342 4796 419 4856 ltem
440 4795 485 4857 St.
502 4809 602 4855 sartor
619 4808 728 4855 contra
742 4794 923 4874 Dragauam
941 4792 1083 4852 secundo
1101 4791 1215 4852 citatus
1231 4809 1294 4850 non
1309 4787 1498 4870 comparuit.
