3488 5250
636 327 723 384 Anno
745 340 831 404 1355.
856 363 899 370 -
925 342 973 404 14.
995 330 1107 402 aprilis.
1454 346 1463 387 1
1486 344 1496 384 1

339 534 415 596 Item
441 536 611 597 statuimus
635 537 851 623 possespiones
876 537 1048 599 exteriores
1085 540 1228 620 magistri
1253 539 1337 600 Petri
1364 537 1502 599 condam

234 640 349 721 judicis
373 661 431 723 pro
456 641 567 703 XLHll
593 641 722 703 florenis
746 661 818 702 cum
843 661 955 703 eorum
979 663 1060 725 pena
1095 645 1207 726 dupli;
1232 659 1262 707 et
1287 644 1504 727 possessiones

235 747 407 808 exteriores
431 731 571 825 Andree,
595 746 652 808 filii
679 747 760 808 Petri
786 747 910 824 Pulani,
941 767 1000 830 pro
1032 749 1092 810 XX
1123 770 1177 811 sex
1201 749 1331 812 florenis
1356 749 1504 810 similiter

235 871 308 914 cum
335 873 416 934 pena
441 853 530 935 dupli
556 853 709 935 magistro
735 854 839 930 Petro,
863 852 930 914 filio
956 854 1085 935 Ligerii,
1110 875 1190 936 quns
1218 856 1244 917 si
1269 875 1334 917 non
1356 854 1503 916 'redeme-

236 958 300 1019 rint
323 978 425 1039 usque
449 959 639 1040 quindenas,
664 974 779 1021 extunc
796 979 870 1022 cum
887 960 954 1041 ipse
979 961 1129 1042 magister
1146 962 1258 1023 Petrus
1282 962 1365 1043 ipsas
1390 959 1502 1021 vendi·

236 1065 322 1127 cioni
347 1080 496 1147 exponet,
521 1065 620 1127 literis
641 1066 756 1126 nostris
779 1065 997 1127 mediantibus
1027 1067 1208 1129 confirmari
1232 1065 1396 1129 iaciemus.

337 1189 416 1250 Item
438 1189 560 1268 Petrus,
583 1188 668 1251 filius
691 1188 775 1264 God‚
802 1189 860 1250 die
886 1190 1131 1270 quintodecimo
1154 1205 1280 1253 tenetur
1303 1192 1415 1252 Marko
1442 1190 1505 1252 sol-

232 1313 304 1355 vere
317 1293 568 1356 XXXdenarios
585 1309 615 1357 et
629 1314 728 1357 unum
745 1296 919 1356 biccellum
933 1310 1089 1376 quantum
1106 1298 1172 1380 ipse
1190 1297 1230 1359 ad
1247 1296 1344 1359 fidem
1362 1296 1503 1378 recipiet.

340 1401 416 1463 ltem
454 1400 628 1463 Gabriolus
660 1414 769 1463 contra
802 1400 968 1462 dominam
1003 1403 1188 1465 Katerinam
1222 1403 1324 1485 prima
1348 1402 1504 1464 citacione

236 1526 302 1569 non
328 1508 518 1589 comparuit.

340 1612 418 1675 item
444 1612 591 1694 Thomas
607 1612 821 1673 vicenotarius
838 1625 946 1674 contra
970 1613 1106 1675 eandem
1124 1613 1289 1675 dominam
1316 1596 1502 1674 Katerinam

233 1718 337 1800 prima
362 1718 518 1780 citacione
543 1738 608 1780 non
633 1719 822 1800 comparuit.

341 1823 419 1885 item
438 1824 604 1901 Martinus,
621 1822 705 1884 filius
722 1823 867 1900 Kemini‚¹
880 1836 989 1885 contra
1008 1824 1170 1886 Emricum
1190 1823 1370 1886 carnificem
1394 1826 1503 1901 (deest).

339 1929 417 1991 Item
444 1929 562 1991 Paulus
580 1930 690 1990 Bobek
708 1943 817 1990 contra
836 1929 1036 1991 Demetrium
1054 1930 1086 1991 in
1104 1930 1348 2012 perhemptoria
1372 1948 1503 2011 respon·

235 2034 325 2097 sione
349 2054 416 2096 non
441 2035 630 2117 comparuit.

286 2252 384 2327 Feria
414 2258 521 2327 tercia
549 2257 704 2345 proxima
733 2266 810 2344 post
838 2264 979 2327 octavas
1008 2256 1285 2328 Resurreccionis
1314 2256 1448 2327 domini.

758 2391 820 2465 (14.
850 2391 974 2465 aprilis).

340 2546 417 2607 Item
451 2546 496 2608 St.
529 2546 668 2629 Salnych
700 2560 809 2608 contra
840 2547 1013 2609 Albertum
1047 2548 1219 2611 litteratum
1252 2549 1357 2630 primo
1389 2548 1503 2609 citatus

234 2671 302 2713 non
326 2653 516 2733 comparuit.

340 2757 418 2819 Item
442 2777 535 2819 causa
567 2759 732 2820 Martonos
765 2760 924 2821 sellatoris
949 2774 980 2821 et
1010 2759 1149 2821 Farcasii
1181 2759 1222 2821 ad
1246 2758 1356 2820 feriam
1382 2772 1502 2820 sextam

234 2862 274 2924 ad
299 2882 408 2944 pacem
435 2877 481 2924 est
504 2877 685 2945 prorogata.

340 2969 417 3030 item
438 2970 654 3031 Lancholotus
675 2984 783 3032 contra
798 2971 955 3033 iacobum
975 2972 1080 3053 primo
1097 2972 1210 3033 citatus
1230 2990 1293 3031 non
1313 2971 1502 3051 comparuit.

341 3074 419 3136 item
438 3075 590 3137 Auchech
608 3075 768 3137 aurifaber
786 3077 836 3137 die
854 3090 968 3138 octavo
986 3077 1082 3139 debet
1107 3076 1268 3158 deponere
1285 3075 1502 3156 jurameutum

168 3248 171 3257 ,
235 3199 308 3242 cum
330 3199 395 3241 uno
419 3200 477 3241 suo
502 3179 624 3242 famulo
648 3195 756 3243 contra
783 3181 834 3261 G.,
852 3181 953 3243 filium
973 3183 1063 3262 Suik,
1088 3201 1183 3265 super
1207 3201 1271 3242 una
1297 3200 1370 3242 cum
1392 3181 1502 3242 media

156 3288 160 3295 ’
236 3306 341 3349 marca
365 3287 497 3369 argenti.

341 3392 418 3454 item
453 3394 630 3472 Margareta
662 3393 777 3455 mulier
808 3394 859 3454 die
891 3408 1005 3456 octavo
1046 3394 1142 3456 debet
1173 3393 1277 3473 jurare
1311 3406 1376 3453 met
1405 3392 1502 3453 tercia

235 3518 330 3580 super
354 3498 496 3580 quodam
521 3498 642 3559 monile
667 3512 776 3560 contra
801 3499 896 3561 lwan.

341 3606 418 3666 Item
427 3605 465 3667 N.
479 3603 562 3665 filius
574 3605 689 3686 Bolog,
702 3620 811 3666 contra
822 3604 971 3666 Anchech
981 3605 1086 3687 primo
1100 3605 1213 3666 citatus
1230 3623 1295 3665 non
1312 3603 1501 3685 comparuit.

342 3710 419 3772 item
453 3710 583 3794 Mathey
613 3711 653 3772 de
684 3711 837 3773 Pobresia
869 3725 977 3773 contra
1011 3713 1126 3792 Artuig
1158 3712 1263 3794 primo
1295 3711 1407 3771 citatus
1436 3728 1502 3770 non

237 3818 426 3899 comparuit.

342 3921 419 3984 item
443 3941 536 3983 causa
570 3923 655 3983 Mike
691 3936 800 3983 contra
830 3923 938 3984 Endre
970 3923 1010 3984 ad
1042 3923 1128 3984 diem
1161 3936 1309 3984 octavum
1344 3923 1384 3984 ad
1415 3923 1503 4004 pacis

237 4028 391 4089 unionem
416 4041 462 4090 est
486 4041 665 4110 prorogata.

343 4133 420 4195 ltem
444 4133 572 4214 Dragan
608 4132 697 4194 faber
721 4149 751 4195 et
776 4134 871 4195 Frich
908 4148 1018 4195 contra
1053 4135 1217 4197 Andream
1241 4133 1374 4195 fabrum
1396 4135 1501 4217 primo

237 4239 322 4301 citati
347 4259 412 4300 non
436 4253 694 4320 comparuerunt.

343 4345 420 4406 ltem
459 4344 604 4406 Pezdech
643 4345 795 4407 Nicolaus
834 4346 887 4406 die
926 4360 1040 4407 octavo
1081 4346 1176 4408 debet
1214 4348 1348 4428 probare
1389 4361 1500 4408 contra

238 4450 411 4532 quamdam
435 4450 603 4511 mulierem
627 4470 721 4531 super
746 4451 829 4512 iacto
852 4452 1065 4533 percussionis
1096 4468 1127 4513 et
1150 4471 1246 4534 super
1270 4452 1416 4532 eoquod
1434 4453 1501 4534 ipsa

237 4556 341 4617 minas
364 4555 594 4618 combustionis
618 4554 734 4617 domus
757 4556 902 4617 eiusdem
926 4557 1139 4639 imposuisset.

344 4661 421 4722 ltem
446 4661 576 4744 Mathey
600 4676 709 4723 contra
733 4663 842 4723 Maren
868 4663 973 4743 primo
994 4663 1107 4725 citatus
1131 4683 1197 4724 non
1222 4663 1411 4744 comparuit.

344 4766 421 4828 Item
446 4767 592 4828 Andreas
608 4771 715 4848 Asque
734 4782 842 4829 contra
861 4768 937 4830 Jake
954 4771 1060 4850 primo
1085 4769 1198 4831 citatus
1221 4788 1287 4832 non
1311 4768 1501 4850 comparuit.
