3488 5250
588 334 791 412 Ann01359.
818 365 855 376 -
874 347 910 409 3.
934 329 1104 394 decembris.
1430 351 1486 413 ¹53

330 546 409 608 Item
433 559 546 606 octavo
571 544 623 606 die
647 542 688 605 G.
711 542 866 604 Ztaunich
896 556 1005 605 contra
1036 542 1212 604 Heancum
1237 540 1408 624 pellificem
1432 559 1489 622 per

222 652 324 715 filium
359 650 495 732 Lepoldi
535 663 566 712 et
597 649 772 711 MartInum
812 647 941 710 fratrem
974 649 1044 710 Elio
1075 648 1164 729 parvi
1196 667 1291 729 super
1322 645 1489 727 vituperiis

221 758 443 822 testimonium
470 756 647 839 producere
671 755 776 818 debet.

330 864 408 925 Item
447 862 606 944 Georgius
644 860 822 923 Gulacbich
857 874 967 923 contra
1001 861 1165 922 Andream
1197 859 1488 921 molendinatorem

223 970 330 1052 primo
354 969 468 1031 citatus
491 988 557 1031 non
582 968 772 1049 comparuit.
1151 947 1154 954 ¹

330 1074 407 1136 Item
433 1074 568 1135 Peterlro
584 1072 669 1135 filius
694 1072 849 1134 Valterini
867 1086 976 1134 contra
994 1071 1102 1135 Golob
1118 1071 1410 1134 molendinatorem
1433 1089 1490 1153 per

226 1181 266 1242 N.
292 1181 392 1242 Kulin
416 1194 447 1241 et
470 1179 634 1241 Andream
657 1179 771 1242 Pulani
795 1180 901 1262 primo
924 1179 1046 1261 judicio
1068 1179 1288 1241 testimonium
1312 1178 1489 1260 producere

224 1286 320 1349 debet
343 1305 438 1367 super
461 1286 627 1367 vituperiis
651 1299 683 1347 et
706 1285 881 1347 educcione
906 1285 1024 1349 bicelli.

243 1502 341 1577 Faria
369 1507 476 1577 tercia
495 1507 652 1594 proxima
680 1513 758 1576 ante
786 1504 910 1577 festum
938 1506 1029 1576 beati
1057 1493 1221 1596 N(lcolai)
1250 1503 1463 1576 confessoris.

738 1658 780 1733 (3.
805 1656 979 1720 decembres).

332 1814 410 1876 Item
435 1833 535 1896 usque
559 1827 632 1876 octo
650 1814 718 1876 dies
734 1813 830 1875 debet
854 1814 1006 1876 Nicolaus
1026 1812 1111 1875 iilius
1135 1814 1206 1876 Elie
1224 1834 1297 1876 cum
1322 1813 1405 1875 lwan
1424 1833 1489 1875 car·

227 1920 372 2003 pentario
396 1920 559 1982 racionem
582 1939 703 2003 ponere
727 1939 823 2002 super
847 1920 1040 2002 quibusdam
1063 1919 1238 1981 laboribus.

332 2025 409 2087 Item
435 2044 616 2107 causaque
648 2025 780 2086 vertitur
811 2025 894 2087 inter
925 2024 1039 2087 Jakmo
1064 2039 1096 2087 et
1118 2025 1262 2087 relictam
1294 2025 1381 2086 lwan
1404 2024 1490 2086 selli-

228 2131 308 2214 parii
332 2131 373 2192 ad
396 2151 507 2213 pacem
532 2131 573 2192 ad
597 2145 671 2193 octo
699 2130 767 2193 dies
799 2143 844 2193 est
876 2144 1057 2213 prorogata,
1081 2135 1107 2194 si
1131 2132 1303 2194 concordia
1334 2130 1401 2193 fieri
1421 2135 1490 2213 'po-

226 2237 299 2298 terit
322 2236 404 2297 inter
427 2250 542 2319 partes.

335 2343 414 2404 Item
438 2363 532 2404 causa
556 2342 711 2404 Johannis
735 2342 869 2404 Barbaci
893 2355 924 2403 et
951 2342 1080 2402 Andree
1103 2342 1144 2403 ad
1168 2343 1310 2425 prImum
1334 2343 1489 2405 iudicium

228 2449 276 2510 sui
302 2448 457 2509 adventus
481 2461 528 2509 est
550 2460 732 2530 prorogata.

335 2554 412 2616 Item
437 2574 530 2616 causa
555 2574 618 2636 que
641 2555 773 2616 vertitur
797 2554 878 2616 inter
901 2555 1089 2637 magistrum
1106 2555 1263 2615 Iacobum
1286 2552 1390 2615 filium
1407 2555 1490 2616 Mar·

229 2659 287 2721 tini
311 2672 342 2721 et
365 2660 404 2721 N.
429 2659 469 2721 de
500 2660 601 2721 lanua
633 2679 735 2740 usque
770 2673 844 2721 octo
876 2659 944 2721 dies
976 2660 1015 2722 ad
1040 2680 1152 2742 pacem
1183 2672 1230 2721 est
1252 2672 1433 2742 prorogata,
1465 2661 1490 2722 ai

228 2765 400 2827 concordia
424 2764 492 2827 fieri
516 2765 633 2848 poterit
657 2766 737 2827 Inter
760 2779 875 2846 partes.

334 2871 412 2932 Item
438 2870 476 2934 G.
493 2871 641 2933 sacerdos
656 2885 766 2932 contra
781 2871 956 2933 Henricum
974 2872 1025 2933 die
1042 2885 1156 2934 octavo
1174 2871 1268 2933 debet
1285 2870 1490 2953 respondere.

334 2978 412 3039 ltem
447 2977 609 3039 lohannes
644 2977 776 3039 clericus
810 2977 906 3039 debet
939 2978 1123 3039 testImonio
1161 2980 1297 3058 probare
1339 2995 1412 3038 cum
1445 2976 1490 3039 St.

229 3082 359 3161 Zauala,
383 3083 528 3145 Iohanne
554 3084 710 3165 Hungaro
734 3096 766 3144 et
789 3083 902 3145 Marlro
927 3097 1035 3145 contra
1063 3083 1247 3165 Draganum
1273 3095 1413 3145 sutorem
1439 3082 1490 3144 die

229 3200 354 3250 octavo.

334 3294 413 3355 Item
436 3308 563 3355 tenetur
587 3294 740 3355 Nicolaus
767 3293 807 3354 de
840 3294 942 3354 Ianua
973 3293 1097 3355 solvere
1129 3293 1304 3355 Benedicto
1328 3292 1492 3376 aellipario

231 3399 282 3461 die
306 3413 420 3462 octavo
444 3414 573 3462 centum
597 3413 629 3462 et
651 3420 705 3463 sex
729 3400 888 3463 denarios.

338 3506 415 3567 Item
440 3507 480 3568 N.
504 3507 665 3588 organista
689 3521 798 3569 contra
822 3506 966 3569 relictam
990 3506 1119 3568 Thome
1143 3507 1248 3590 primo
1281 3505 1395 3567 citatus
1426 3524 1491 3566 non

230 3612 419 3695 comparuit.

335 3718 412 3779 Item
446 3718 590 3780 KukuIIn
621 3731 652 3780 et
683 3719 750 3780 Kus
782 3733 891 3779 contra
922 3718 1134 3801 Meynardum
1171 3718 1277 3800 prImo
1312 3717 1398 3779 citati
1425 3736 1490 3779 non

229 3838 485 3906 comparuerunt.

335 3930 413 3992 Item
422 3934 516 3991 Anna
526 3945 634 3991 contra
649 3930 829 3991 Iohannem
838 3931 961 3992 Zobota
970 3931 1113 3992 secundo
1122 3930 1214 3992 citata
1226 3949 1291 3991 non
1302 3929 1491 4013 comparuit.

335 4036 411 4098 Item
438 4035 599 4111 lohannes
623 4035 788 4119 Zlatolazy
813 4036 864 4097 die
889 4050 1003 4098 octavo
1031 4036 1127 4097 debet
1151 4035 1368 4116 juramentum
1392 4035 1492 4117 depo-

229 4160 304 4202 nere
325 4161 420 4225 auper
444 4141 527 4204 facto
552 4140 638 4203 furtu
662 4156 771 4203 contra
796 4141 836 4204 G.
861 4142 1028 4205 Ztaunich.

339 4248 416 4309 ltem
441 4248 621 4310 Domianus
644 4249 684 4309 de
710 4247 869 4310 Kraleuch
902 4261 1011 4309 contra
1045 4247 1212 4310 Chernecb
1238 4247 1342 4328 primo
1381 4246 1493 4308 citatus

229 4373 293 4415 non
320 4354 508 4434 comparuit.
584 4434 587 4441 Ι

337 4459 414 4520 Item
439 4479 618 4540 causaque
643 4459 775 4521 vertitur
799 4460 880 4520 inter
901 4458 1009 4541 Opath
1034 4472 1064 4520 et
1089 4457 1270 4521 Golobicha
1295 4476 1395 4540 usque
1419 4469 1492 4519 octo

231 4564 299 4626 dies
323 4564 363 4625 ad
387 4584 499 4646 pacem
523 4577 570 4626 est
592 4577 772 4645 prorogata.

337 4670 414 4732 Item
440 4669 583 4731 Francha
607 4668 766 4732 aurifaber
790 4670 842 4732 die
872 4684 987 4732 octavo
1010 4671 1157 4753 promisit
1186 4670 1350 4732 racionem
1373 4685 1493 4752 ponere

232 4776 258 4837 ai
282 4777 400 4859 poterit
423 4796 517 4858 super
541 4775 681 4857 quadam
705 4789 787 4838 terra
811 4789 920 4839 contra
944 4777 989 4840 St.
1015 4776 1165 4860 Saluych.
