<?xml version="1.0" encoding="UTF-8"?>
<!DOCTYPE html PUBLIC "-//W3C//DTD XHTML 1.0 Transitional//EN"
    "http://www.w3.org/TR/xhtml1/DTD/xhtml1-transitional.dtd">
<html xmlns="http://www.w3.org/1999/xhtml" xml:lang="en" lang="en">
 <head>
  <title>
</title>
<meta http-equiv="Content-Type" content="text/html;charset=utf-8" />
  <meta name='ocr-system' content='tesseract 3.04.00' />
  <meta name='ocr-capabilities' content='ocr_page ocr_carea ocr_par ocr_line ocrx_word'/>
</head>
<body>
  <div class='ocr_page' id='page_1' title='image "./monumentahistor08laszgoog/monumentahistor08laszgoog_0245.png"; bbox 0 0 3488 5250; ppageno 0'>
   <div class='ocr_carea' id='block_1_1' title="bbox 240 350 1508 2546">
    <p class='ocr_par' dir='ltr' id='par_1_1' title="bbox 248 350 1126 432">
     <span class='ocr_line' id='line_1_1' title="bbox 248 350 1126 432; baseline 0.005 -21"><span class='ocrx_word' id='word_1_1' title='bbox 248 350 307 432; x_wconf 87' lang='lat'><strong>198</strong></span> <span class='ocrx_word' id='word_1_2' title='bbox 624 353 708 411; x_wconf 85' lang='lat' dir='ltr'><strong>Anno</strong></span> <span class='ocrx_word' id='word_1_3' title='bbox 731 350 821 430; x_wconf 77' lang='lat'><em>1361.</em></span> <span class='ocrx_word' id='word_1_4' title='bbox 844 388 889 398; x_wconf 85' lang='lat'>-</span> <span class='ocrx_word' id='word_1_5' title='bbox 911 365 958 428; x_wconf 82' lang='lat'><strong>15.</strong></span> <span class='ocrx_word' id='word_1_6' title='bbox 975 355 1126 429; x_wconf 82' lang='lat' dir='ltr'><strong>januarii.</strong></span> 
     </span>
    </p>

    <p class='ocr_par' dir='ltr' id='par_1_2' title="bbox 243 560 1508 855">
     <span class='ocr_line' id='line_1_2' title="bbox 350 560 1508 642; baseline 0 -20"><span class='ocrx_word' id='word_1_7' title='bbox 350 562 427 622; x_wconf 87' lang='lat' dir='ltr'><strong>Itetn</strong></span> <span class='ocrx_word' id='word_1_8' title='bbox 451 561 671 624; x_wconf 88' lang='lat' dir='ltr'><strong>adiudicatum</strong></span> <span class='ocrx_word' id='word_1_9' title='bbox 704 577 761 641; x_wconf 89' lang='lat' dir='ltr'><strong>est,</strong></span> <span class='ocrx_word' id='word_1_10' title='bbox 785 578 820 625; x_wconf 94' lang='lat' dir='ltr'><strong>ut</strong></span> <span class='ocrx_word' id='word_1_11' title='bbox 852 563 891 624; x_wconf 93' lang='lat' dir='ltr'><strong>de</strong></span> <span class='ocrx_word' id='word_1_12' title='bbox 920 563 1013 624; x_wconf 89' lang='lat' dir='ltr'><strong>bonis</strong></span> <span class='ocrx_word' id='word_1_13' title='bbox 1046 561 1122 624; x_wconf 88' lang='lat' dir='ltr'><strong>Iuan</strong></span> <span class='ocrx_word' id='word_1_14' title='bbox 1147 562 1298 624; x_wconf 89' lang='lat' dir='ltr'><strong>Cemmer</strong></span> <span class='ocrx_word' id='word_1_15' title='bbox 1321 561 1426 642; x_wconf 90' lang='lat' dir='ltr'><strong>primo</strong></span> <span class='ocrx_word' id='word_1_16' title='bbox 1450 560 1508 622; x_wconf 94' lang='lat' dir='ltr'><strong>do·</strong></span> 
     </span>
     <span class='ocr_line' id='line_1_3' title="bbox 243 666 1507 749; baseline 0.001 -22"><span class='ocrx_word' id='word_1_17' title='bbox 243 667 350 728; x_wconf 88' lang='lat' dir='ltr'><strong>minus</strong></span> <span class='ocrx_word' id='word_1_18' title='bbox 374 667 485 729; x_wconf 90' lang='lat' dir='ltr'><strong>Petrus</strong></span> <span class='ocrx_word' id='word_1_19' title='bbox 509 667 623 730; x_wconf 84' lang='lat' dir='ltr'><strong>habeat</strong></span> <span class='ocrx_word' id='word_1_20' title='bbox 646 668 737 730; x_wconf 86' lang='lat' dir='ltr'><strong>XXX</strong></span> <span class='ocrx_word' id='word_1_21' title='bbox 761 669 900 730; x_wconf 87' lang='lat' dir='ltr'>florenos</span> <span class='ocrx_word' id='word_1_22' title='bbox 924 681 954 729; x_wconf 95' lang='lat' dir='ltr'><strong>et</strong></span> <span class='ocrx_word' id='word_1_23' title='bbox 978 667 1057 728; x_wconf 90' lang='lat' dir='ltr'><strong>duas</strong></span> <span class='ocrx_word' id='word_1_24' title='bbox 1081 686 1203 729; x_wconf 87' lang='lat' dir='ltr'><strong>marcas</strong></span> <span class='ocrx_word' id='word_1_25' title='bbox 1226 686 1285 749; x_wconf 90' lang='lat' dir='ltr'><strong>pro</strong></span> <span class='ocrx_word' id='word_1_26' title='bbox 1309 666 1420 728; x_wconf 91' lang='lat' dir='ltr'><strong>debito</strong></span> <span class='ocrx_word' id='word_1_27' title='bbox 1435 684 1507 728; x_wconf 88' lang='lat' dir='ltr'><strong>suo.</strong></span> 
     </span>
     <span class='ocr_line' id='line_1_4' title="bbox 349 772 1379 855; baseline 0.001 -22"><span class='ocrx_word' id='word_1_28' title='bbox 349 774 428 834; x_wconf 84' lang='lat' dir='ltr'>Item</span> <span class='ocrx_word' id='word_1_29' title='bbox 453 772 563 836; x_wconf 87' lang='lat' dir='ltr'><strong>decern</strong></span> <span class='ocrx_word' id='word_1_30' title='bbox 587 773 728 835; x_wconf 90' lang='lat' dir='ltr'><strong>florenos</strong></span> <span class='ocrx_word' id='word_1_31' title='bbox 751 773 866 836; x_wconf 88' lang='lat' dir='ltr'><strong>habeat</strong></span> <span class='ocrx_word' id='word_1_32' title='bbox 898 773 983 835; x_wconf 90' lang='lat' dir='ltr'><strong>filius</strong></span> <span class='ocrx_word' id='word_1_33' title='bbox 1007 773 1151 854; x_wconf 82' lang='lat' dir='ltr'><strong>Drugeni</strong></span> <span class='ocrx_word' id='word_1_34' title='bbox 1175 792 1233 855; x_wconf 92' lang='lat' dir='ltr'><strong>pro</strong></span> <span class='ocrx_word' id='word_1_35' title='bbox 1258 772 1379 834; x_wconf 88' lang='lat' dir='ltr'><strong>debito.</strong></span> 
     </span>
    </p>

    <p class='ocr_par' dir='ltr' id='par_1_3' title="bbox 241 878 1507 1066">
     <span class='ocr_line' id='line_1_5' title="bbox 351 878 1507 959; baseline -0.002 -20"><span class='ocrx_word' id='word_1_36' title='bbox 351 880 429 940; x_wconf 90' lang='lat' dir='ltr'><strong>Item</strong></span> <span class='ocrx_word' id='word_1_37' title='bbox 454 880 566 942; x_wconf 87' lang='lat' dir='ltr'><strong>Petrus</strong></span> <span class='ocrx_word' id='word_1_38' title='bbox 597 879 681 942; x_wconf 87' lang='lat' dir='ltr'><strong>filius</strong></span> <span class='ocrx_word' id='word_1_39' title='bbox 713 880 832 943; x_wconf 90' lang='lat' dir='ltr'><strong>Donati</strong></span> <span class='ocrx_word' id='word_1_40' title='bbox 864 879 980 941; x_wconf 88' lang='lat' dir='ltr'><strong>habeat</strong></span> <span class='ocrx_word' id='word_1_41' title='bbox 1004 879 1058 940; x_wconf 96' lang='lat' dir='ltr'><strong>VII</strong></span> <span class='ocrx_word' id='word_1_42' title='bbox 1090 898 1212 940; x_wconf 87' lang='lat' dir='ltr'><strong>marcas</strong></span> <span class='ocrx_word' id='word_1_43' title='bbox 1236 892 1267 939; x_wconf 93' lang='lat' dir='ltr'><strong>et</strong></span> <span class='ocrx_word' id='word_1_44' title='bbox 1291 878 1370 938; x_wconf 89' lang='lat' dir='ltr'><strong>duas</strong></span> <span class='ocrx_word' id='word_1_45' title='bbox 1393 896 1507 959; x_wconf 88' lang='lat' dir='ltr'><strong>pensas</strong></span> 
     </span>
     <span class='ocr_line' id='line_1_6' title="bbox 241 984 1206 1066; baseline 0 -21"><span class='ocrx_word' id='word_1_46' title='bbox 241 1004 300 1066; x_wconf 92' lang='lat' dir='ltr'><strong>pro</strong></span> <span class='ocrx_word' id='word_1_47' title='bbox 325 984 542 1065; x_wconf 87' lang='lat' dir='ltr'><strong>fideiussione,</strong></span> <span class='ocrx_word' id='word_1_48' title='bbox 566 986 607 1046; x_wconf 88' lang='lat' dir='ltr'><strong>ad</strong></span> <span class='ocrx_word' id='word_1_49' title='bbox 631 1004 729 1066; x_wconf 89' lang='lat' dir='ltr'><strong>quam</strong></span> <span class='ocrx_word' id='word_1_50' title='bbox 753 1004 785 1045; x_wconf 93' lang='lat' dir='ltr'><strong>se</strong></span> <span class='ocrx_word' id='word_1_51' title='bbox 810 984 913 1047; x_wconf 85' lang='lat' dir='ltr'><strong>dIctus</strong></span> <span class='ocrx_word' id='word_1_52' title='bbox 937 984 1013 1046; x_wconf 89' lang='lat' dir='ltr'><strong>Iuan</strong></span> <span class='ocrx_word' id='word_1_53' title='bbox 1039 984 1206 1065; x_wconf 80' lang='lat' dir='ltr'>obligarat.</span> 
     </span>
    </p>

    <p class='ocr_par' dir='ltr' id='par_1_4' title="bbox 348 1089 1387 1171">
     <span class='ocr_line' id='line_1_7' title="bbox 348 1089 1387 1171; baseline -0.001 -20"><span class='ocrx_word' id='word_1_54' title='bbox 348 1090 426 1151; x_wconf 84' lang='lat' dir='ltr'>Item</span> <span class='ocrx_word' id='word_1_55' title='bbox 451 1091 615 1152; x_wconf 87' lang='lat' dir='ltr'><strong>Farcasius</strong></span> <span class='ocrx_word' id='word_1_56' title='bbox 639 1090 728 1152; x_wconf 81' lang='lat' dir='ltr'><strong>faber</strong></span> <span class='ocrx_word' id='word_1_57' title='bbox 751 1089 866 1151; x_wconf 90' lang='lat' dir='ltr'><strong>habeat</strong></span> <span class='ocrx_word' id='word_1_58' title='bbox 890 1090 914 1150; x_wconf 99' lang='lat' dir='ltr'><strong>II</strong></span> <span class='ocrx_word' id='word_1_59' title='bbox 939 1089 1079 1151; x_wconf 90' lang='lat' dir='ltr'><strong>florenos</strong></span> <span class='ocrx_word' id='word_1_60' title='bbox 1103 1109 1161 1171; x_wconf 93' lang='lat' dir='ltr'><strong>pro</strong></span> <span class='ocrx_word' id='word_1_61' title='bbox 1183 1090 1293 1150; x_wconf 93' lang='lat' dir='ltr'><strong>debito</strong></span> <span class='ocrx_word' id='word_1_62' title='bbox 1317 1108 1387 1150; x_wconf 92' lang='lat' dir='ltr'><strong>suo.</strong></span> 
     </span>
    </p>

    <p class='ocr_par' dir='ltr' id='par_1_5' title="bbox 242 1194 1506 1383">
     <span class='ocr_line' id='line_1_8' title="bbox 348 1194 1506 1276; baseline -0.003 -19"><span class='ocrx_word' id='word_1_63' title='bbox 348 1195 425 1257; x_wconf 86' lang='lat' dir='ltr'><strong>Item</strong></span> <span class='ocrx_word' id='word_1_64' title='bbox 449 1197 611 1258; x_wconf 86' lang='lat' dir='ltr'><strong>Iohannes</strong></span> <span class='ocrx_word' id='word_1_65' title='bbox 635 1195 720 1258; x_wconf 88' lang='lat' dir='ltr'><strong>filius</strong></span> <span class='ocrx_word' id='word_1_66' title='bbox 744 1195 819 1258; x_wconf 93' lang='lat' dir='ltr'><strong>dicti</strong></span> <span class='ocrx_word' id='word_1_67' title='bbox 850 1197 928 1257; x_wconf 84' lang='lat' dir='ltr'><strong>Iuan</strong></span> <span class='ocrx_word' id='word_1_68' title='bbox 952 1195 1067 1258; x_wconf 90' lang='lat' dir='ltr'><strong>habeat</strong></span> <span class='ocrx_word' id='word_1_69' title='bbox 1097 1197 1154 1256; x_wconf 90' lang='lat' dir='ltr'><strong>XL</strong></span> <span class='ocrx_word' id='word_1_70' title='bbox 1177 1195 1246 1256; x_wconf 91' lang='lat' dir='ltr'><strong>flor.</strong></span> <span class='ocrx_word' id='word_1_71' title='bbox 1271 1214 1329 1275; x_wconf 91' lang='lat' dir='ltr'><strong>pro</strong></span> <span class='ocrx_word' id='word_1_72' title='bbox 1353 1194 1506 1276; x_wconf 86' lang='lat' dir='ltr'>porcione</span> 
     </span>
     <span class='ocr_line' id='line_1_9' title="bbox 242 1302 551 1383; baseline 0.003 -21"><span class='ocrx_word' id='word_1_73' title='bbox 242 1320 299 1362; x_wconf 87' lang='lat' dir='ltr'><strong>sua</strong></span> <span class='ocrx_word' id='word_1_74' title='bbox 324 1317 354 1364; x_wconf 90' lang='lat' dir='ltr'><strong>et</strong></span> <span class='ocrx_word' id='word_1_75' title='bbox 378 1322 442 1363; x_wconf 95' lang='lat' dir='ltr'><strong>non</strong></span> <span class='ocrx_word' id='word_1_76' title='bbox 468 1302 551 1383; x_wconf 88' lang='lat' dir='ltr'><strong>plus.</strong></span> 
     </span>
    </p>

    <p class='ocr_par' dir='ltr' id='par_1_6' title="bbox 242 1405 1504 1574">
     <span class='ocr_line' id='line_1_10' title="bbox 347 1405 1504 1489; baseline -0.003 -21"><span class='ocrx_word' id='word_1_77' title='bbox 347 1408 424 1473; x_wconf 84' lang='lat' dir='ltr'><strong>Item</strong></span> <span class='ocrx_word' id='word_1_78' title='bbox 461 1409 611 1489; x_wconf 85' lang='lat' dir='ltr'><strong>magister</strong></span> <span class='ocrx_word' id='word_1_79' title='bbox 646 1409 799 1470; x_wconf 87' lang='lat' dir='ltr'><strong>Nicolaus</strong></span> <span class='ocrx_word' id='word_1_80' title='bbox 830 1407 940 1470; x_wconf 91' lang='lat' dir='ltr'><strong>Touth</strong></span> <span class='ocrx_word' id='word_1_81' title='bbox 977 1408 1093 1469; x_wconf 89' lang='lat' dir='ltr'><strong>habeat</strong></span> <span class='ocrx_word' id='word_1_82' title='bbox 1123 1407 1164 1467; x_wconf 92' lang='lat' dir='ltr'><strong>VI</strong></span> <span class='ocrx_word' id='word_1_83' title='bbox 1201 1405 1271 1468; x_wconf 86' lang='lat' dir='ltr'><strong>flor.</strong></span> <span class='ocrx_word' id='word_1_84' title='bbox 1302 1425 1360 1487; x_wconf 94' lang='lat' dir='ltr'><strong>pro</strong></span> <span class='ocrx_word' id='word_1_85' title='bbox 1396 1405 1504 1486; x_wconf 93' lang='lat' dir='ltr'><strong>precio</strong></span> 
     </span>
     <span class='ocr_line' id='line_1_11' title="bbox 242 1512 404 1574; baseline 0.006 -1"><span class='ocrx_word' id='word_1_86' title='bbox 242 1512 404 1574; x_wconf 86' lang='lat' dir='ltr'><strong>stacionis.</strong></span> 
     </span>
    </p>

    <p class='ocr_par' dir='ltr' id='par_1_7' title="bbox 242 1615 1504 1786">
     <span class='ocr_line' id='line_1_12' title="bbox 347 1615 1504 1698; baseline -0.001 -20"><span class='ocrx_word' id='word_1_87' title='bbox 347 1618 424 1679; x_wconf 89' lang='lat' dir='ltr'>Item</span> <span class='ocrx_word' id='word_1_88' title='bbox 450 1618 593 1679; x_wconf 86' lang='lat' dir='ltr'><strong>Francha</strong></span> <span class='ocrx_word' id='word_1_89' title='bbox 618 1617 703 1681; x_wconf 89' lang='lat' dir='ltr'><strong>filius</strong></span> <span class='ocrx_word' id='word_1_90' title='bbox 727 1620 826 1681; x_wconf 90' lang='lat' dir='ltr'><strong>Marci</strong></span> <span class='ocrx_word' id='word_1_91' title='bbox 852 1619 967 1681; x_wconf 88' lang='lat' dir='ltr'><strong>habeat</strong></span> <span class='ocrx_word' id='word_1_92' title='bbox 990 1620 1018 1680; x_wconf 96' lang='lat' dir='ltr'>V</span> <span class='ocrx_word' id='word_1_93' title='bbox 1043 1618 1111 1681; x_wconf 85' lang='lat' dir='ltr'><strong>flor.</strong></span> <span class='ocrx_word' id='word_1_94' title='bbox 1135 1637 1207 1679; x_wconf 92' lang='lat' dir='ltr'><strong>cum</strong></span> <span class='ocrx_word' id='word_1_95' title='bbox 1235 1616 1342 1678; x_wconf 91' lang='lat' dir='ltr'><strong>medio</strong></span> <span class='ocrx_word' id='word_1_96' title='bbox 1367 1635 1425 1698; x_wconf 92' lang='lat' dir='ltr'><strong>pro</strong></span> <span class='ocrx_word' id='word_1_97' title='bbox 1450 1615 1504 1677; x_wconf 88' lang='lat' dir='ltr'><strong>de·</strong></span> 
     </span>
     <span class='ocr_line' id='line_1_13' title="bbox 242 1724 400 1786; baseline 0.006 -1"><span class='ocrx_word' id='word_1_98' title='bbox 242 1724 310 1786; x_wconf 91' lang='lat' dir='ltr'><strong>bito</strong></span> <span class='ocrx_word' id='word_1_99' title='bbox 331 1743 400 1786; x_wconf 92' lang='lat' dir='ltr'><strong>suo.</strong></span> 
     </span>
    </p>

    <p class='ocr_par' dir='ltr' id='par_1_8' title="bbox 241 1828 1501 1999">
     <span class='ocr_line' id='line_1_14' title="bbox 347 1828 1501 1911; baseline -0.001 -21"><span class='ocrx_word' id='word_1_100' title='bbox 347 1830 426 1891; x_wconf 83' lang='lat' dir='ltr'><strong>Item</strong></span> <span class='ocrx_word' id='word_1_101' title='bbox 451 1831 559 1891; x_wconf 87' lang='lat' dir='ltr'><strong>Petres</strong></span> <span class='ocrx_word' id='word_1_102' title='bbox 583 1830 723 1892; x_wconf 86' lang='lat' dir='ltr'><strong>carnifex</strong></span> <span class='ocrx_word' id='word_1_103' title='bbox 748 1831 863 1892; x_wconf 90' lang='lat' dir='ltr'><strong>habeat</strong></span> <span class='ocrx_word' id='word_1_104' title='bbox 887 1849 1004 1891; x_wconf 87' lang='lat' dir='ltr'><strong>novem</strong></span> <span class='ocrx_word' id='word_1_105' title='bbox 1028 1850 1141 1911; x_wconf 89' lang='lat' dir='ltr'><strong>pensas</strong></span> <span class='ocrx_word' id='word_1_106' title='bbox 1167 1830 1273 1891; x_wconf 90' lang='lat' dir='ltr'><strong>minus</strong></span> <span class='ocrx_word' id='word_1_107' title='bbox 1296 1829 1423 1890; x_wconf 93' lang='lat' dir='ltr'><strong>duobus</strong></span> <span class='ocrx_word' id='word_1_108' title='bbox 1447 1828 1501 1889; x_wconf 91' lang='lat' dir='ltr'><strong>de·</strong></span> 
     </span>
     <span class='ocr_line' id='line_1_15' title="bbox 241 1935 789 1999; baseline 0.004 -3"><span class='ocrx_word' id='word_1_109' title='bbox 241 1935 339 1998; x_wconf 88' lang='lat' dir='ltr'><strong>nariis</strong></span> <span class='ocrx_word' id='word_1_110' title='bbox 363 1950 393 1997; x_wconf 93' lang='lat' dir='ltr'><strong>et</strong></span> <span class='ocrx_word' id='word_1_111' title='bbox 417 1936 441 1996; x_wconf 98' lang='lat' dir='ltr'><strong>II</strong></span> <span class='ocrx_word' id='word_1_112' title='bbox 467 1935 602 1997; x_wconf 87' lang='lat' dir='ltr'>cubulos</span> <span class='ocrx_word' id='word_1_113' title='bbox 626 1935 789 1999; x_wconf 87' lang='lat' dir='ltr'><strong>frumenti.</strong></span> 
     </span>
    </p>

    <p class='ocr_par' dir='ltr' id='par_1_9' title="bbox 241 2041 1503 2229">
     <span class='ocr_line' id='line_1_16' title="bbox 346 2041 1503 2123; baseline -0.001 -21"><span class='ocrx_word' id='word_1_114' title='bbox 346 2042 516 2103; x_wconf 91' lang='lat' dir='ltr'><strong>Debitores</strong></span> <span class='ocrx_word' id='word_1_115' title='bbox 540 2042 627 2103; x_wconf 91' lang='lat' dir='ltr'><strong>enim</strong></span> <span class='ocrx_word' id='word_1_116' title='bbox 651 2041 785 2123; x_wconf 87' lang='lat' dir='ltr'><strong>predicti</strong></span> <span class='ocrx_word' id='word_1_117' title='bbox 819 2042 929 2102; x_wconf 85' lang='lat' dir='ltr'><strong>viuum</strong></span> <span class='ocrx_word' id='word_1_118' title='bbox 962 2041 1038 2104; x_wconf 91' lang='lat' dir='ltr'><strong>dicti</strong></span> <span class='ocrx_word' id='word_1_119' title='bbox 1062 2042 1151 2121; x_wconf 88' lang='lat' dir='ltr'><strong>Iuan,</strong></span> <span class='ocrx_word' id='word_1_120' title='bbox 1182 2041 1336 2102; x_wconf 92' lang='lat' dir='ltr'><strong>cubulum</strong></span> <span class='ocrx_word' id='word_1_121' title='bbox 1361 2060 1419 2122; x_wconf 94' lang='lat' dir='ltr'><strong>pro</strong></span> <span class='ocrx_word' id='word_1_122' title='bbox 1443 2041 1503 2102; x_wconf 92' lang='lat' dir='ltr'><strong>XX</strong></span> 
     </span>
     <span class='ocr_line' id='line_1_17' title="bbox 241 2146 632 2229; baseline 0.005 -22"><span class='ocrx_word' id='word_1_123' title='bbox 241 2146 380 2208; x_wconf 88' lang='lat' dir='ltr'><strong>denariis</strong></span> <span class='ocrx_word' id='word_1_124' title='bbox 403 2160 632 2229; x_wconf 88' lang='lat' dir='ltr'><strong>assumpmant.</strong></span> 
     </span>
    </p>

    <p class='ocr_par' dir='ltr' id='par_1_10' title="bbox 240 2251 1504 2546">
     <span class='ocr_line' id='line_1_18' title="bbox 347 2251 1499 2334; baseline 0 -21"><span class='ocrx_word' id='word_1_125' title='bbox 347 2252 444 2314; x_wconf 85' lang='lat' dir='ltr'><strong>Ortus</strong></span> <span class='ocrx_word' id='word_1_126' title='bbox 474 2267 580 2314; x_wconf 87' lang='lat' dir='ltr'><strong>autern</strong></span> <span class='ocrx_word' id='word_1_127' title='bbox 613 2272 685 2314; x_wconf 93' lang='lat' dir='ltr'><strong>cum</strong></span> <span class='ocrx_word' id='word_1_128' title='bbox 718 2271 795 2314; x_wconf 90' lang='lat' dir='ltr'><strong>oreo</strong></span> <span class='ocrx_word' id='word_1_129' title='bbox 828 2251 904 2314; x_wconf 92' lang='lat' dir='ltr'><strong>dicti</strong></span> <span class='ocrx_word' id='word_1_130' title='bbox 929 2254 1006 2314; x_wconf 87' lang='lat' dir='ltr'><strong>luan</strong></span> <span class='ocrx_word' id='word_1_131' title='bbox 1039 2253 1167 2315; x_wconf 87' lang='lat' dir='ltr'><strong>relictus</strong></span> <span class='ocrx_word' id='word_1_132' title='bbox 1191 2267 1247 2331; x_wconf 89' lang='lat' dir='ltr'><strong>est,</strong></span> <span class='ocrx_word' id='word_1_133' title='bbox 1279 2268 1314 2314; x_wconf 92' lang='lat' dir='ltr'><strong>ut</strong></span> <span class='ocrx_word' id='word_1_134' title='bbox 1344 2252 1499 2334; x_wconf 88' lang='lat' dir='ltr'><strong>quamdiu</strong></span> 
     </span>
     <span class='ocr_line' id='line_1_19' title="bbox 240 2357 1504 2441; baseline 0.002 -22"><span class='ocrx_word' id='word_1_135' title='bbox 240 2359 391 2420; x_wconf 88' lang='lat' dir='ltr'><strong>rescietur</strong></span> <span class='ocrx_word' id='word_1_136' title='bbox 415 2373 523 2419; x_wconf 93' lang='lat' dir='ltr'><strong>utrum</strong></span> <span class='ocrx_word' id='word_1_137' title='bbox 547 2358 760 2419; x_wconf 86' lang='lat' dir='ltr'><strong>communitas</strong></span> <span class='ocrx_word' id='word_1_138' title='bbox 785 2358 817 2418; x_wconf 92' lang='lat' dir='ltr'><strong>in</strong></span> <span class='ocrx_word' id='word_1_139' title='bbox 841 2358 906 2419; x_wconf 87' lang='lat' dir='ltr'><strong>suis</strong></span> <span class='ocrx_word' id='word_1_140' title='bbox 927 2357 1105 2419; x_wconf 88' lang='lat' dir='ltr'><strong>redditibus</strong></span> <span class='ocrx_word' id='word_1_141' title='bbox 1133 2358 1310 2441; x_wconf 92' lang='lat' dir='ltr'><strong>dampnum</strong></span> <span class='ocrx_word' id='word_1_142' title='bbox 1335 2379 1425 2441; x_wconf 87' lang='lat' dir='ltr'><strong>passa</strong></span> <span class='ocrx_word' id='word_1_143' title='bbox 1450 2358 1504 2421; x_wconf 88' lang='lat' dir='ltr'><strong>fiet</strong></span> 
     </span>
     <span class='ocr_line' id='line_1_20' title="bbox 240 2464 1143 2546; baseline 0.002 -22"><span class='ocrx_word' id='word_1_144' title='bbox 240 2465 290 2525; x_wconf 89' lang='lat' dir='ltr'><strong>veI</strong></span> <span class='ocrx_word' id='word_1_145' title='bbox 314 2485 365 2542; x_wconf 88' lang='lat' dir='ltr'><strong>ne,</strong></span> <span class='ocrx_word' id='word_1_146' title='bbox 390 2478 424 2526; x_wconf 91' lang='lat' dir='ltr'><strong>ut</strong></span> <span class='ocrx_word' id='word_1_147' title='bbox 447 2467 506 2526; x_wconf 88' lang='lat' dir='ltr'><strong>sub</strong></span> <span class='ocrx_word' id='word_1_148' title='bbox 531 2464 662 2526; x_wconf 91' lang='lat' dir='ltr'><strong>nomine</strong></span> <span class='ocrx_word' id='word_1_149' title='bbox 686 2464 925 2525; x_wconf 85' lang='lat' dir='ltr'><strong>communitatis</strong></span> <span class='ocrx_word' id='word_1_150' title='bbox 948 2478 1143 2546; x_wconf 89' lang='lat' dir='ltr'><strong>permaneat.</strong></span> 
     </span>
    </p>
   </div>
   <div class='ocr_carea' id='block_1_2' title="bbox 379 2680 1360 2772">
    <p class='ocr_par' dir='ltr' id='par_1_11' title="bbox 379 2680 1360 2772">
     <span class='ocr_line' id='line_1_21' title="bbox 379 2680 1360 2772; baseline -0.002 -19"><span class='ocrx_word' id='word_1_151' title='bbox 379 2680 476 2755; x_wconf 83' lang='lat' dir='ltr'><strong>FerIa</strong></span> <span class='ocrx_word' id='word_1_152' title='bbox 503 2690 602 2754; x_wconf 84' lang='lat' dir='ltr'><strong>sexta</strong></span> <span class='ocrx_word' id='word_1_153' title='bbox 630 2684 786 2771; x_wconf 83' lang='lat' dir='ltr'><strong>proxima</strong></span> <span class='ocrx_word' id='word_1_154' title='bbox 813 2690 891 2771; x_wconf 87' lang='lat' dir='ltr'><strong>post</strong></span> <span class='ocrx_word' id='word_1_155' title='bbox 918 2690 1060 2754; x_wconf 84' lang='lat' dir='ltr'><strong>octavas</strong></span> <span class='ocrx_word' id='word_1_156' title='bbox 1089 2680 1360 2772; x_wconf 82' lang='lat' dir='ltr'><strong>EpIphaniarom.</strong></span> 
     </span>
    </p>
   </div>
   <div class='ocr_carea' id='block_1_3' title="bbox 750 2836 990 2912">
    <p class='ocr_par' dir='ltr' id='par_1_12' title="bbox 750 2836 990 2912">
     <span class='ocr_line' id='line_1_22' title="bbox 750 2836 990 2912; baseline 0 -19"><span class='ocrx_word' id='word_1_157' title='bbox 750 2836 811 2912; x_wconf 82' lang='lat'><em>(15.</em></span> <span class='ocrx_word' id='word_1_158' title='bbox 826 2838 990 2912; x_wconf 73' lang='lat' dir='ltr'><strong>januarii).</strong></span> 
     </span>
    </p>
   </div>
   <div class='ocr_carea' id='block_1_4' title="bbox 233 2991 1501 4869">
    <p class='ocr_par' dir='ltr' id='par_1_13' title="bbox 240 2991 1501 3181">
     <span class='ocr_line' id='line_1_23' title="bbox 345 2991 1501 3074; baseline 0.002 -21"><span class='ocrx_word' id='word_1_159' title='bbox 345 2993 453 3053; x_wconf 91' lang='lat' dir='ltr'><strong>Primo</strong></span> <span class='ocrx_word' id='word_1_160' title='bbox 479 2992 590 3054; x_wconf 88' lang='lat' dir='ltr'><strong>Banko</strong></span> <span class='ocrx_word' id='word_1_161' title='bbox 614 3005 723 3053; x_wconf 88' lang='lat' dir='ltr'><strong>contra</strong></span> <span class='ocrx_word' id='word_1_162' title='bbox 748 2992 927 3054; x_wconf 84' lang='lat' dir='ltr'><strong>Iohannem</strong></span> <span class='ocrx_word' id='word_1_163' title='bbox 957 2991 1114 3054; x_wconf 86' lang='lat' dir='ltr'><strong>famulum</strong></span> <span class='ocrx_word' id='word_1_164' title='bbox 1137 2994 1277 3074; x_wconf 90' lang='lat' dir='ltr'><strong>episcopi</strong></span> <span class='ocrx_word' id='word_1_165' title='bbox 1302 2992 1380 3055; x_wconf 82' lang='lat' dir='ltr'><strong>feria</strong></span> <span class='ocrx_word' id='word_1_166' title='bbox 1404 2995 1501 3056; x_wconf 87' lang='lat' dir='ltr'><strong>tercia</strong></span> 
     </span>
     <span class='ocr_line' id='line_1_24' title="bbox 240 3098 1289 3181; baseline 0 -20"><span class='ocrx_word' id='word_1_167' title='bbox 240 3120 295 3181; x_wconf 90' lang='lat' dir='ltr'><strong>per</strong></span> <span class='ocrx_word' id='word_1_168' title='bbox 319 3101 370 3179; x_wconf 68' lang='lat' dir='ltr'><strong>N„</strong></span> <span class='ocrx_word' id='word_1_169' title='bbox 394 3099 471 3160; x_wconf 90' lang='lat' dir='ltr'><strong>Iuan</strong></span> <span class='ocrx_word' id='word_1_170' title='bbox 495 3113 526 3159; x_wconf 91' lang='lat' dir='ltr'><strong>et</strong></span> <span class='ocrx_word' id='word_1_171' title='bbox 550 3118 721 3180; x_wconf 88' lang='lat' dir='ltr'><strong>preconem</strong></span> <span class='ocrx_word' id='word_1_172' title='bbox 738 3099 959 3160; x_wconf 83' lang='lat' dir='ltr'><strong>testImonIum</strong></span> <span class='ocrx_word' id='word_1_173' title='bbox 983 3098 1159 3180; x_wconf 91' lang='lat' dir='ltr'><strong>producere</strong></span> <span class='ocrx_word' id='word_1_174' title='bbox 1184 3098 1289 3161; x_wconf 85' lang='lat' dir='ltr'><strong>debet.</strong></span> 
     </span>
    </p>

    <p class='ocr_par' dir='ltr' id='par_1_14' title="bbox 238 3203 1501 3393">
     <span class='ocr_line' id='line_1_25' title="bbox 344 3203 1501 3285; baseline 0 -19"><span class='ocrx_word' id='word_1_175' title='bbox 344 3205 423 3266; x_wconf 93' lang='lat' dir='ltr'><strong>Item</strong></span> <span class='ocrx_word' id='word_1_176' title='bbox 448 3205 599 3265; x_wconf 88' lang='lat' dir='ltr'><strong>Nicolaus</strong></span> <span class='ocrx_word' id='word_1_177' title='bbox 623 3203 762 3266; x_wconf 84' lang='lat' dir='ltr'><strong>frenator</strong></span> <span class='ocrx_word' id='word_1_178' title='bbox 779 3216 889 3265; x_wconf 88' lang='lat' dir='ltr'><strong>contra</strong></span> <span class='ocrx_word' id='word_1_179' title='bbox 906 3205 1049 3266; x_wconf 84' lang='lat' dir='ltr'><strong>BlasIum</strong></span> <span class='ocrx_word' id='word_1_180' title='bbox 1065 3205 1170 3285; x_wconf 89' lang='lat' dir='ltr'><strong>primo</strong></span> <span class='ocrx_word' id='word_1_181' title='bbox 1195 3205 1307 3266; x_wconf 90' lang='lat' dir='ltr'><strong>citatus</strong></span> <span class='ocrx_word' id='word_1_182' title='bbox 1324 3225 1388 3266; x_wconf 94' lang='lat' dir='ltr'><strong>non</strong></span> <span class='ocrx_word' id='word_1_183' title='bbox 1414 3225 1501 3267; x_wconf 92' lang='lat' dir='ltr'><strong>com·</strong></span> 
     </span>
     <span class='ocr_line' id='line_1_26' title="bbox 238 3310 1160 3393; baseline 0 -22"><span class='ocrx_word' id='word_1_184' title='bbox 238 3310 353 3393; x_wconf 89' lang='lat' dir='ltr'><strong>paruit.</strong></span> <span class='ocrx_word' id='word_1_185' title='bbox 1158 3312 1160 3316; x_wconf 80' lang='grc'><strong>’</strong></span> 
     </span>
    </p>

    <p class='ocr_par' dir='ltr' id='par_1_15' title="bbox 238 3415 1499 3708">
     <span class='ocr_line' id='line_1_27' title="bbox 344 3415 1497 3498; baseline 0.002 -22"><span class='ocrx_word' id='word_1_186' title='bbox 344 3416 422 3477; x_wconf 89' lang='lat' dir='ltr'><strong>Item</strong></span> <span class='ocrx_word' id='word_1_187' title='bbox 455 3416 528 3496; x_wconf 92' lang='lat' dir='ltr'><strong>quia</strong></span> <span class='ocrx_word' id='word_1_188' title='bbox 561 3416 642 3477; x_wconf 85' lang='lat' dir='ltr'><strong>Kata</strong></span> <span class='ocrx_word' id='word_1_189' title='bbox 677 3416 785 3477; x_wconf 84' lang='lat' dir='ltr'><strong>relicta</strong></span> <span class='ocrx_word' id='word_1_190' title='bbox 819 3415 988 3498; x_wconf 89' lang='lat' dir='ltr'><strong>Koschych</strong></span> <span class='ocrx_word' id='word_1_191' title='bbox 1013 3416 1144 3476; x_wconf 90' lang='lat' dir='ltr'><strong>Iuanam</strong></span> <span class='ocrx_word' id='word_1_192' title='bbox 1181 3416 1323 3477; x_wconf 88' lang='lat' dir='ltr'><strong>relictam</strong></span> <span class='ocrx_word' id='word_1_193' title='bbox 1355 3416 1497 3478; x_wconf 88' lang='lat' dir='ltr'><strong>Prenarii</strong></span> 
     </span>
     <span class='ocr_line' id='line_1_28' title="bbox 240 3521 1499 3603; baseline 0 -21"><span class='ocrx_word' id='word_1_194' title='bbox 240 3540 339 3602; x_wconf 92' lang='lat' dir='ltr'><strong>usque</strong></span> <span class='ocrx_word' id='word_1_195' title='bbox 364 3521 404 3581; x_wconf 85' lang='lat' dir='ltr'><strong>ad</strong></span> <span class='ocrx_word' id='word_1_196' title='bbox 429 3521 594 3602; x_wconf 84' lang='lat' dir='ltr'><strong>sanguinis</strong></span> <span class='ocrx_word' id='word_1_197' title='bbox 630 3521 818 3582; x_wconf 81' lang='lat' dir='ltr'><strong>effusionem</strong></span> <span class='ocrx_word' id='word_1_198' title='bbox 852 3521 1015 3603; x_wconf 85' lang='lat' dir='ltr'><strong>percussit,</strong></span> <span class='ocrx_word' id='word_1_199' title='bbox 1051 3522 1197 3582; x_wconf 86' lang='lat' dir='ltr'><strong>convicta</strong></span> <span class='ocrx_word' id='word_1_200' title='bbox 1221 3535 1268 3583; x_wconf 93' lang='lat' dir='ltr'><strong>est</strong></span> <span class='ocrx_word' id='word_1_201' title='bbox 1291 3522 1322 3582; x_wconf 92' lang='lat' dir='ltr'><strong>in</strong></span> <span class='ocrx_word' id='word_1_202' title='bbox 1355 3522 1499 3603; x_wconf 90' lang='lat' dir='ltr'><strong>quinque</strong></span> 
     </span>
     <span class='ocr_line' id='line_1_29' title="bbox 238 3625 1360 3708; baseline 0.001 -21"><span class='ocrx_word' id='word_1_203' title='bbox 238 3627 353 3687; x_wconf 89' lang='lat' dir='ltr'><strong>marcis</strong></span> <span class='ocrx_word' id='word_1_204' title='bbox 376 3639 486 3688; x_wconf 91' lang='lat' dir='ltr'><strong>contra</strong></span> <span class='ocrx_word' id='word_1_205' title='bbox 510 3626 611 3708; x_wconf 87' lang='lat' dir='ltr'><strong>ipsam</strong></span> <span class='ocrx_word' id='word_1_206' title='bbox 637 3641 667 3687; x_wconf 88' lang='lat' dir='ltr'><strong>et</strong></span> <span class='ocrx_word' id='word_1_207' title='bbox 691 3626 788 3706; x_wconf 82' lang='lat' dir='ltr'><strong>judici</strong></span> <span class='ocrx_word' id='word_1_208' title='bbox 813 3627 843 3687; x_wconf 93' lang='lat' dir='ltr'><strong>in</strong></span> <span class='ocrx_word' id='word_1_209' title='bbox 870 3646 932 3687; x_wconf 90' lang='lat' dir='ltr'><strong>una</strong></span> <span class='ocrx_word' id='word_1_210' title='bbox 956 3627 988 3687; x_wconf 94' lang='lat' dir='ltr'><strong>in</strong></span> <span class='ocrx_word' id='word_1_211' title='bbox 1013 3625 1185 3706; x_wconf 90' lang='lat' dir='ltr'><strong>quindenis</strong></span> <span class='ocrx_word' id='word_1_212' title='bbox 1208 3627 1360 3688; x_wconf 90' lang='lat' dir='ltr'><strong>solutura.</strong></span> 
     </span>
    </p>

    <p class='ocr_par' dir='ltr' id='par_1_16' title="bbox 237 3730 1498 4026">
     <span class='ocr_line' id='line_1_30' title="bbox 343 3730 1498 3823; baseline -0.001 -30"><span class='ocrx_word' id='word_1_213' title='bbox 343 3732 421 3793; x_wconf 87' lang='lat' dir='ltr'><strong>Item</strong></span> <span class='ocrx_word' id='word_1_214' title='bbox 445 3746 559 3793; x_wconf 87' lang='lat' dir='ltr'><strong>octavo</strong></span> <span class='ocrx_word' id='word_1_215' title='bbox 591 3732 642 3793; x_wconf 93' lang='lat' dir='ltr'><strong>die</strong></span> <span class='ocrx_word' id='word_1_216' title='bbox 676 3732 720 3793; x_wconf 86' lang='lat' dir='ltr'><strong>St.</strong></span> <span class='ocrx_word' id='word_1_217' title='bbox 753 3746 862 3793; x_wconf 89' lang='lat' dir='ltr'><strong>contra</strong></span> <span class='ocrx_word' id='word_1_218' title='bbox 891 3731 1075 3823; x_wconf 76' lang='lat' dir='ltr'><strong>Dragonam</strong></span> <span class='ocrx_word' id='word_1_219' title='bbox 1107 3751 1163 3812; x_wconf 90' lang='lat' dir='ltr'><strong>per</strong></span> <span class='ocrx_word' id='word_1_220' title='bbox 1193 3730 1352 3794; x_wconf 83' lang='lat' dir='ltr'><strong>Thomam</strong></span> <span class='ocrx_word' id='word_1_221' title='bbox 1377 3746 1408 3793; x_wconf 92' lang='lat' dir='ltr'><strong>et</strong></span> <span class='ocrx_word' id='word_1_222' title='bbox 1439 3732 1498 3792; x_wconf 89' lang='lat' dir='ltr'><strong>Fa·</strong></span> 
     </span>
     <span class='ocr_line' id='line_1_31' title="bbox 238 3836 1497 3919; baseline -0.001 -20"><span class='ocrx_word' id='word_1_223' title='bbox 238 3837 371 3899; x_wconf 88' lang='lat' dir='ltr'><strong>bianum</strong></span> <span class='ocrx_word' id='word_1_224' title='bbox 394 3851 517 3899; x_wconf 90' lang='lat' dir='ltr'><strong>sutores</strong></span> <span class='ocrx_word' id='word_1_225' title='bbox 540 3838 760 3900; x_wconf 87' lang='lat' dir='ltr'><strong>testimonium</strong></span> <span class='ocrx_word' id='word_1_226' title='bbox 778 3836 955 3919; x_wconf 89' lang='lat' dir='ltr'><strong>producere</strong></span> <span class='ocrx_word' id='word_1_227' title='bbox 980 3836 1075 3898; x_wconf 90' lang='lat' dir='ltr'><strong>debet</strong></span> <span class='ocrx_word' id='word_1_228' title='bbox 1098 3857 1193 3917; x_wconf 88' lang='lat' dir='ltr'><strong>super</strong></span> <span class='ocrx_word' id='word_1_229' title='bbox 1217 3856 1266 3914; x_wconf 88' lang='lat' dir='ltr'><strong>e0,</strong></span> <span class='ocrx_word' id='word_1_230' title='bbox 1287 3837 1375 3918; x_wconf 92' lang='lat' dir='ltr'><strong>quod</strong></span> <span class='ocrx_word' id='word_1_231' title='bbox 1393 3838 1497 3918; x_wconf 92' lang='lat' dir='ltr'><strong>ipsum</strong></span> 
     </span>
     <span class='ocr_line' id='line_1_32' title="bbox 237 3943 655 4026; baseline 0 -21"><span class='ocrx_word' id='word_1_232' title='bbox 237 3964 293 4026; x_wconf 90' lang='lat' dir='ltr'><strong>per</strong></span> <span class='ocrx_word' id='word_1_233' title='bbox 318 3943 413 4004; x_wconf 81' lang='lat' dir='ltr'><strong>facies</strong></span> <span class='ocrx_word' id='word_1_234' title='bbox 440 3944 655 4025; x_wconf 87' lang='lat' dir='ltr'><strong>percussisset.</strong></span> 
     </span>
    </p>

    <p class='ocr_par' dir='ltr' id='par_1_17' title="bbox 237 4046 1497 4341">
     <span class='ocr_line' id='line_1_33' title="bbox 343 4046 1497 4128; baseline -0.002 -19"><span class='ocrx_word' id='word_1_235' title='bbox 343 4048 420 4109; x_wconf 85' lang='lat' dir='ltr'><strong>Item</strong></span> <span class='ocrx_word' id='word_1_236' title='bbox 451 4049 547 4110; x_wconf 89' lang='lat' dir='ltr'><strong>tercia</strong></span> <span class='ocrx_word' id='word_1_237' title='bbox 571 4047 649 4109; x_wconf 83' lang='lat' dir='ltr'><strong>feria</strong></span> <span class='ocrx_word' id='word_1_238' title='bbox 680 4068 765 4108; x_wconf 93' lang='lat' dir='ltr'><strong>nunc</strong></span> <span class='ocrx_word' id='word_1_239' title='bbox 796 4063 929 4110; x_wconf 90' lang='lat' dir='ltr'><strong>ventura</strong></span> <span class='ocrx_word' id='word_1_240' title='bbox 962 4046 1132 4108; x_wconf 82' lang='lat' dir='ltr'><strong>Radchech</strong></span> <span class='ocrx_word' id='word_1_241' title='bbox 1164 4047 1312 4109; x_wconf 89' lang='lat' dir='ltr'><strong>sacerdos</strong></span> <span class='ocrx_word' id='word_1_242' title='bbox 1340 4067 1397 4128; x_wconf 90' lang='lat' dir='ltr'><strong>per</strong></span> <span class='ocrx_word' id='word_1_243' title='bbox 1420 4047 1497 4107; x_wconf 89' lang='lat' dir='ltr'><strong>Iuan</strong></span> 
     </span>
     <span class='ocr_line' id='line_1_34' title="bbox 238 4153 1496 4234; baseline 0 -19"><span class='ocrx_word' id='word_1_244' title='bbox 238 4154 358 4215; x_wconf 92' lang='lat' dir='ltr'><strong>dictum</strong></span> <span class='ocrx_word' id='word_1_245' title='bbox 383 4154 451 4215; x_wconf 88' lang='lat' dir='ltr'><strong>Beli</strong></span> <span class='ocrx_word' id='word_1_246' title='bbox 476 4167 586 4215; x_wconf 90' lang='lat' dir='ltr'><strong>contra</strong></span> <span class='ocrx_word' id='word_1_247' title='bbox 612 4155 687 4214; x_wconf 93' lang='lat' dir='ltr'><strong>Iuan</strong></span> <span class='ocrx_word' id='word_1_248' title='bbox 713 4153 833 4214; x_wconf 89' lang='lat' dir='ltr'><strong>dictum</strong></span> <span class='ocrx_word' id='word_1_249' title='bbox 866 4153 1037 4233; x_wconf 82' lang='lat' dir='ltr'><strong>Vgrincich</strong></span> <span class='ocrx_word' id='word_1_250' title='bbox 1069 4154 1287 4215; x_wconf 86' lang='lat' dir='ltr'><strong>testImonium</strong></span> <span class='ocrx_word' id='word_1_251' title='bbox 1319 4153 1496 4234; x_wconf 88' lang='lat' dir='ltr'><strong>producere</strong></span> 
     </span>
     <span class='ocr_line' id='line_1_35' title="bbox 237 4257 1231 4341; baseline -0.001 -19"><span class='ocrx_word' id='word_1_252' title='bbox 237 4260 334 4322; x_wconf 88' lang='lat' dir='ltr'><strong>debet</strong></span> <span class='ocrx_word' id='word_1_253' title='bbox 357 4260 389 4320; x_wconf 93' lang='lat' dir='ltr'><strong>in</strong></span> <span class='ocrx_word' id='word_1_254' title='bbox 414 4279 463 4339; x_wconf 87' lang='lat' dir='ltr'><strong>eo,</strong></span> <span class='ocrx_word' id='word_1_255' title='bbox 487 4261 575 4341; x_wconf 94' lang='lat' dir='ltr'><strong>quod</strong></span> <span class='ocrx_word' id='word_1_256' title='bbox 600 4260 659 4321; x_wconf 90' lang='lat' dir='ltr'><strong>sibi</strong></span> <span class='ocrx_word' id='word_1_257' title='bbox 684 4279 742 4341; x_wconf 91' lang='lat' dir='ltr'><strong>pro</strong></span> <span class='ocrx_word' id='word_1_258' title='bbox 767 4278 832 4320; x_wconf 93' lang='lat' dir='ltr'><strong>uno</strong></span> <span class='ocrx_word' id='word_1_259' title='bbox 857 4258 979 4320; x_wconf 89' lang='lat' dir='ltr'><strong>floreno</strong></span> <span class='ocrx_word' id='word_1_260' title='bbox 1003 4257 1231 4321; x_wconf 88' lang='lat' dir='ltr'><strong>fideiubuisset.</strong></span> 
     </span>
    </p>

    <p class='ocr_par' dir='ltr' id='par_1_18' title="bbox 342 4363 1496 4447">
     <span class='ocr_line' id='line_1_36' title="bbox 342 4363 1496 4447; baseline 0.001 -22"><span class='ocrx_word' id='word_1_261' title='bbox 342 4365 419 4426; x_wconf 94' lang='lat' dir='ltr'><strong>Item</strong></span> <span class='ocrx_word' id='word_1_262' title='bbox 433 4365 564 4445; x_wconf 92' lang='lat' dir='ltr'><strong>quidam</strong></span> <span class='ocrx_word' id='word_1_263' title='bbox 582 4380 691 4426; x_wconf 87' lang='lat' dir='ltr'><strong>contra</strong></span> <span class='ocrx_word' id='word_1_264' title='bbox 705 4365 808 4446; x_wconf 91' lang='lat' dir='ltr'><strong>ipsum</strong></span> <span class='ocrx_word' id='word_1_265' title='bbox 824 4363 971 4426; x_wconf 86' lang='lat' dir='ltr'><strong>Radcech</strong></span> <span class='ocrx_word' id='word_1_266' title='bbox 985 4365 1089 4446; x_wconf 90' lang='lat' dir='ltr'><strong>primo</strong></span> <span class='ocrx_word' id='word_1_267' title='bbox 1102 4365 1214 4426; x_wconf 87' lang='lat' dir='ltr'><strong>citatus</strong></span> <span class='ocrx_word' id='word_1_268' title='bbox 1227 4385 1292 4426; x_wconf 90' lang='lat' dir='ltr'><strong>non</strong></span> <span class='ocrx_word' id='word_1_269' title='bbox 1306 4366 1496 4447; x_wconf 85' lang='lat' dir='ltr'><strong>comparuit.</strong></span> 
     </span>
    </p>

    <p class='ocr_par' dir='ltr' id='par_1_19' title="bbox 233 4470 1494 4658">
     <span class='ocr_line' id='line_1_37' title="bbox 342 4470 1494 4554; baseline 0.001 -23"><span class='ocrx_word' id='word_1_270' title='bbox 342 4470 419 4532; x_wconf 92' lang='lat' dir='ltr'><strong>Item</strong></span> <span class='ocrx_word' id='word_1_271' title='bbox 445 4470 566 4532; x_wconf 90' lang='lat' dir='ltr'><strong>Obram</strong></span> <span class='ocrx_word' id='word_1_272' title='bbox 591 4489 649 4551; x_wconf 90' lang='lat' dir='ltr'><strong>pro</strong></span> <span class='ocrx_word' id='word_1_273' title='bbox 674 4472 775 4531; x_wconf 86' lang='lat' dir='ltr'><strong>Pausa</strong></span> <span class='ocrx_word' id='word_1_274' title='bbox 799 4483 908 4530; x_wconf 88' lang='lat' dir='ltr'><strong>contra</strong></span> <span class='ocrx_word' id='word_1_275' title='bbox 932 4470 1113 4531; x_wconf 88' lang='lat' dir='ltr'><strong>Iohannem</strong></span> <span class='ocrx_word' id='word_1_276' title='bbox 1129 4470 1170 4531; x_wconf 92' lang='lat' dir='ltr'><strong>ad</strong></span> <span class='ocrx_word' id='word_1_277' title='bbox 1194 4485 1267 4532; x_wconf 89' lang='lat' dir='ltr'><strong>octo</strong></span> <span class='ocrx_word' id='word_1_278' title='bbox 1283 4471 1351 4532; x_wconf 91' lang='lat' dir='ltr'><strong>dies</strong></span> <span class='ocrx_word' id='word_1_279' title='bbox 1375 4472 1494 4554; x_wconf 91' lang='lat' dir='ltr'><strong>recepit</strong></span> 
     </span>
     <span class='ocr_line' id='line_1_38' title="bbox 233 4576 768 4658; baseline 0 -20"><span class='ocrx_word' id='word_1_280' title='bbox 233 4577 408 4638; x_wconf 84' lang='lat' dir='ltr'><strong>terminum</strong></span> <span class='ocrx_word' id='word_1_281' title='bbox 434 4577 473 4637; x_wconf 89' lang='lat' dir='ltr'><strong>ad</strong></span> <span class='ocrx_word' id='word_1_282' title='bbox 497 4576 768 4658; x_wconf 92' lang='lat' dir='ltr'><strong>respondendum.</strong></span> 
     </span>
    </p>

    <p class='ocr_par' dir='ltr' id='par_1_20' title="bbox 236 4680 1495 4869">
     <span class='ocr_line' id='line_1_39' title="bbox 341 4680 1495 4764; baseline 0.003 -23"><span class='ocrx_word' id='word_1_283' title='bbox 341 4682 418 4742; x_wconf 88' lang='lat' dir='ltr'><strong>Item</strong></span> <span class='ocrx_word' id='word_1_284' title='bbox 444 4682 636 4743; x_wconf 85' lang='lat' dir='ltr'><strong>BenedIctus</strong></span> <span class='ocrx_word' id='word_1_285' title='bbox 659 4680 820 4743; x_wconf 88' lang='lat' dir='ltr'><strong>aurifaber</strong></span> <span class='ocrx_word' id='word_1_286' title='bbox 850 4695 960 4742; x_wconf 86' lang='lat' dir='ltr'><strong>contra</strong></span> <span class='ocrx_word' id='word_1_287' title='bbox 985 4680 1165 4743; x_wconf 89' lang='lat' dir='ltr'><strong>Obramum</strong></span> <span class='ocrx_word' id='word_1_288' title='bbox 1197 4682 1291 4743; x_wconf 90' lang='lat' dir='ltr'><strong>ZoIar</strong></span> <span class='ocrx_word' id='word_1_289' title='bbox 1315 4682 1420 4764; x_wconf 89' lang='lat' dir='ltr'><strong>primo</strong></span> <span class='ocrx_word' id='word_1_290' title='bbox 1452 4682 1495 4762; x_wconf 78' lang='lat' dir='ltr'><strong>ci·</strong></span> 
     </span>
     <span class='ocr_line' id='line_1_40' title="bbox 236 4787 622 4869; baseline 0.008 -23"><span class='ocrx_word' id='word_1_291' title='bbox 236 4798 319 4848; x_wconf 91' lang='lat' dir='ltr'><strong>tatus</strong></span> <span class='ocrx_word' id='word_1_292' title='bbox 342 4806 407 4848; x_wconf 90' lang='lat' dir='ltr'><strong>non</strong></span> <span class='ocrx_word' id='word_1_293' title='bbox 432 4787 622 4869; x_wconf 85' lang='lat' dir='ltr'><strong>comparuit.</strong></span> 
     </span>
    </p>
   </div>
   <div class='ocr_carea' id='block_1_5' title="bbox 0 0 1748 5250">
    <p class='ocr_par' dir='ltr' id='par_1_21' title="bbox 0 0 1748 5250">
     <span class='ocr_line' id='line_1_41' title="bbox 0 0 1748 5250; baseline 0 3"><span class='ocrx_word' id='word_1_294' title='bbox 0 0 1748 5250; x_wconf 95' lang='lat' dir='ltr'><strong> </strong></span> 
     </span>
    </p>
   </div>
  </div>
 </body>
</html>
