3488 5250
669 317 756 374 Anno
778 314 870 394 1362.
896 351 933 360 —
960 314 990 378 ό.
1014 317 1097 378 maii.
1173 327 1180 339 '
1451 337 1513 400 207

355 528 431 589 Item
465 527 568 588 Basko
601 542 632 588 et
663 528 789 588 Marcus
825 540 934 588 contra
968 527 1148 589 Johannem
1180 529 1284 609 prImo
1320 528 1405 589 citati
1449 547 1513 590 non

249 648 505 715 comparuerunt.

356 739 432 800 Item
464 738 573 799 relicta
605 738 745 819 Dragani
779 752 888 799 contra
922 739 999 799 luan
1032 752 1146 800 octavo
1178 738 1231 799 die
1262 759 1294 799 se
1318 738 1458 800 secunda
1481 739 1514 800 in

251 844 444 924 quibusdam
469 844 578 904 zkabis
602 842 697 904 debet
719 828 859 924 prestare
884 843 1111 922 iuramentum.

356 951 434 1012 Item
459 963 573 1011 octavo
598 949 650 1010 die
675 949 794 1010 Marias
825 963 934 1010 contra
967 949 1161 1031 Gregorium
1187 948 1315 1012 fratrem
1340 970 1435 1012 suum
1458 971 1515 1033 per

250 1055 443 1138 Dyonisium
461 1055 661 1117 sacerdotem
678 1068 710 1116 et
734 1054 813 1116 duas
830 1055 958 1116 civissas
983 1055 1079 1118 debet
1094 1057 1271 1138 producere
1294 1057 1512 1119 testImonium

248 1161 336 1243 quod
361 1176 449 1244 pater
472 1181 548 1223 suus
571 1161 706 1223 domum
730 1180 800 1222 curn
826 1161 897 1223 aliis
920 1161 986 1222 suis
1009 1162 1102 1223 bonis
1125 1162 1185 1223 sibi
1210 1163 1355 1242 legasset.

355 1268 432 1329 Item
459 1266 643 1330 Crisozlaus
667 1280 698 1328 et
723 1266 890 1328 Mortonos
913 1266 1045 1328 sellator
1062 1280 1171 1328 contra
1197 1267 1317 1329 Trosth
1342 1267 1447 1349 primo
1471 1267 1514 1330 ci·
1561 1321 1564 1326 .

245 1375 306 1436 tati
331 1393 396 1435 non
420 1385 678 1455 comparuerunt.

354 1480 432 1540 Item
467 1479 543 1540 luan
579 1478 736 1559 Bopertus
761 1491 791 1539 et
815 1496 895 1538 uxor
928 1479 996 1539 eius
1020 1492 1134 1540 octavo
1165 1478 1217 1539 die
1242 1493 1351 1540 contra
1377 1478 1513 1561 Mykech

251 1585 388 1666 quilibet
412 1604 523 1646 eorum
548 1604 580 1645 se
604 1583 721 1644 tercius
745 1583 841 1644 debet
864 1597 1002 1664 prestare
1032 1584 1257 1664 juramentum.

356 1691 433 1751 Item
458 1704 571 1751 octavo
590 1689 641 1751 die
663 1689 863 1770 Margaretha
881 1703 991 1750 contra
1009 1688 1186 1770 Georgium
1203 1703 1357 1750 sartorem
1375 1689 1513 1751 secunda

250 1815 284 1857 ee
308 1796 452 1876 personis
487 1795 547 1857 sibi
583 1794 741 1856 similibus
774 1796 869 1857 debet
900 1810 1040 1877 prestare
1072 1810 1305 1856 sacramentum
1337 1813 1433 1876 super
1464 1813 1513 1870 eo,

251 1901 339 1983 quod
363 1922 419 1984 per
443 1903 547 1984 ipsum
572 1899 674 1962 luerat
698 1915 873 1979 cruentata,
896 1901 1048 1981 idemque
1074 1900 1234 1982 Georgius
1265 1915 1428 1981 assumpto
1453 1913 1513 1961 ter-

249 2008 339 2069 miuo
363 2027 428 2068 non
453 2007 642 2088 comparuit.

354 2114 431 2175 Item
456 2113 620 2175 lohannes
644 2111 732 2173 faber
764 2126 874 2173 contra
906 2111 1040 2173 eandem
1075 2111 1308 2192 Margarethanr
1341 2113 1445 2195 prImo
1470 2113 1512 2174 ci-

248 2232 330 2280 tatus
354 2239 420 2281 non
449 2219 637 2300 comparuit.

353 2325 428 2385 Item
455 2324 574 2387 Paulus
598 2323 737 2385 famulus
770 2324 908 2385 cantoris
941 2337 1050 2384 contra
1076 2324 1218 2386 BIasium
1249 2325 1448 2385 sacerdotem
1472 2325 1512 2386 de

247 2429 331 2509 Vgra
356 2429 425 2490 vice
448 2430 545 2490 tercia
570 2443 701 2490 vocatus
724 2449 789 2490 non
814 2430 902 2491 venit
932 2449 989 2490 nec
1022 2430 1118 2508 misit,
1144 2429 1230 2491 idem
1262 2449 1338 2490 vero
1363 2431 1512 2491 sacerdos

247 2548 361 2595 octavo
385 2534 436 2594 die
461 2554 517 2615 per
550 2534 685 2596 Paulum
717 2532 912 2597 frenatorem
947 2549 978 2595 et
1010 2535 1153 2596 Blasium
1177 2549 1330 2598 sartorem
1367 2536 1511 2597 testimo-

247 2640 336 2701 nium
360 2638 537 2720 producere
561 2640 666 2718 debet,
690 2640 779 2721 quod
804 2660 878 2702 eum
903 2641 1019 2702 bicello
1044 2642 1213 2722 evaginato
1238 2640 1386 2721 fugasset.

352 2747 429 2808 Item
455 2747 577 2828 Mykou
601 2761 712 2808 contra
736 2748 899 2808 Martinko
923 2747 1028 2828 primo
1053 2748 1165 2808 citatus
1189 2766 1254 2809 non
1279 2748 1467 2829 comparuit.

352 2852 430 2913 Item
454 2851 634 2913 Corrardus
657 2865 759 2913 textor
784 2853 815 2912 in
840 2852 978 2933 presenti
1000 2851 1120 2932 judicio
1144 2865 1253 2913 contra
1277 2853 1452 2932 quemdam
1472 2852 1511 2914 de

247 2957 413 3019 Modrussa
437 2971 605 3040 promptus
629 2956 689 3019 fuit
712 2959 904 3039 respondere
929 2972 960 3020 et
983 2972 1071 3020 actor
1094 2978 1160 3020 non
1184 2958 1282 3022 venit.

312 3177 407 3261 Nota,
436 3180 523 3268 quod
552 3178 638 3250 leria
666 3185 765 3250 sexta
793 3181 948 3267 proxima
976 3185 1052 3267 post
1081 3179 1203 3249 testum
1232 3179 1439 3250 Invencionis

746 3304 1013 3374 mmmmm

798 3451 843 3529 (6.
866 3457 960 3530 enati).

350 3593 426 3653 Item
460 3593 565 3674 primo
596 3594 703 3675 Matey
734 3593 817 3655 filius
847 3593 1006 3675 Leypoldi
1040 3612 1140 3673 usque
1174 3593 1353 3674 quindenas
1384 3607 1510 3655 tenetur

245 3696 368 3758 solvere
394 3698 438 3759 St.
463 3697 530 3759 filio
548 3697 694 3760 Cernech
711 3718 769 3781 pro
786 3700 918 3760 vulnere
943 3700 1086 3780 quinque
1103 3718 1225 3759 marcas
1242 3711 1273 3759 et
1296 3697 1394 3778 judici
1408 3718 1507 3759 unam

246 3821 282 3862 ac
306 3803 432 3864 medico
457 3803 646 3866 satisfacere.

350 3908 428 3969 Item
452 3929 546 3970 causa
571 3929 633 3990 que
657 3909 789 3970 vertitur
814 3910 894 3970 Inter
919 3909 1089 3971 Crisanum
1116 3924 1146 3970 et
1168 3928 1324 3990 generum
1348 3927 1442 3969 suum
1467 3909 1507 3969 ad

245 4026 317 4074 octo
342 4013 410 4075 dies
434 4030 480 4076 est
504 4015 544 4075 ad
569 4035 680 4096 pacem
706 4030 887 4097 prorogata.

351 4120 428 4181 Item
452 4123 658 4183 commissum
684 4137 740 4200 est,
767 4137 801 4183 ut
824 4122 955 4203 quidam
981 4121 1111 4203 Endrey
1132 4122 1303 4182 vulnerans
1327 4120 1505 4181 Iohannem

244 4225 440 4306 ubicumque
465 4226 653 4307 reprehendi
679 4228 806 4309 poterit,
831 4227 870 4288 ad
895 4228 1053 4289 iusticiam
1078 4227 1267 4288 detineatur.

349 4332 427 4393 Item
452 4332 526 4412 quia
540 4332 684 4393 Andreas
699 4348 886 4414 procurator
895 4334 1028 4394 Marketi
1039 4352 1178 4411 causam,
1196 4353 1258 4414 que
1276 4335 1357 4395 Inter
1371 4334 1506 4416 Mykech

244 4435 345 4497 filium
371 4438 531 4499 Leunardi
556 4452 587 4499 et
610 4439 714 4519 Ipsum
744 4439 923 4500 Marketum
957 4439 1088 4501 vertitur
1119 4454 1150 4500 et
1174 4441 1251 4500 verti
1276 4454 1431 4521 speratur,
1463 4440 1503 4500 ad

243 4544 417 4605 adventum
451 4544 549 4625 ipsius
581 4545 715 4606 Marketi
746 4544 843 4626 peciit
874 4564 1045 4625 prorogare
1071 4545 1162 4621 ideo,
1194 4545 1219 4606 si
1252 4546 1319 4628 ipse
1344 4546 1506 4606 Marketus

243 4667 345 4730 usque
368 4647 484 4710 festum
521 4649 750 4711 Penthekostes
782 4651 869 4711 venit
899 4651 938 4711 ad
974 4669 1101 4712 causam
1139 4669 1229 4711 suam
1258 4651 1505 4729 terminandam,

244 4754 324 4815 bene
349 4754 492 4836 quidem,
516 4754 661 4835 alioquin
685 4755 791 4836 primo
823 4754 942 4834 judicio
974 4769 1046 4837 post
1070 4755 1175 4836 ipsum
1200 4754 1315 4817 Iestum
1348 4755 1505 4836 sequenti,
