3488 5250
263 361 322 423 130
683 341 769 407 Anna
792 353 883 416 1359.
906 374 950 384 -
973 353 1022 399 12.
1038 341 1123 416 salii.

308 586 312 590 -
363 550 440 611 Item
464 548 609 611 Francha
632 563 741 611 contra
766 549 923 610 Iacobum
955 546 1057 610 filium
1081 548 1203 610 Vrbani
1234 548 1377 610 secundo
1408 548 1524 611 citatus

258 676 324 719 non
347 655 537 737 comparuit.
649 635 653 643 ⁴

363 779 441 839 Item
466 797 560 840 causa
584 796 647 858 que
679 776 813 839 vertitur
843 777 926 840 inter
956 777 1137 839 Iohannem
1161 775 1265 838 filium
1298 777 1466 838 Laurencii
1492 789 1523 837 et

258 883 377 948 Finech
402 884 442 945 ad
466 883 606 965 primum
631 881 786 959 judicium
810 885 869 944 sub
894 881 1002 944 forma·
1020 883 1107 965 pacis
1131 895 1178 946 est
1199 894 1380 965 prorogata.

362 990 441 1051 Item
465 988 628 1051 lohannes
652 988 756 1051 dictus
784 989 894 1050 Bonus
925 1003 1036 1051 contra
1060 988 1268 1051 Bartuchium
1292 989 1332 1050 ad
1356 1000 1430 1050 octo
1454 988 1523 1049 dies

260 1097 380 1180 recepit
401 1095 576 1157 terminum
600 1095 639 1155 ad
662 1094 934 1176 respondendum.
1336 1108 1338 1114 '

363 1218 442 1280 Item
467 1217 604 1279 Michael
630 1215 719 1279 faber
750 1232 860 1280 contra
893 1219 1024 1302 Eudrey
1055 1218 1095 1281 acl
1120 1233 1194 1282 octo
1225 1218 1294 1280 dies
1318 1217 1437 1300 recepit
1460 1230 1522 1278 ter-

258 1326 382 1388 minum
407 1324 446 1385 ad
471 1324 743 1406 respondendum.
1142 1324 1145 1328 ’

260 1417 263 1426 ’
363 1431 441 1492 Item
467 1431 634 1491 Mortonos
657 1430 786 1492 sellator
810 1444 920 1492 contra
938 1430 1130 1492 Michaelem
1154 1429 1280 1492 fabrum
1297 1428 1337 1492 ad
1362 1442 1435 1491 octo
1453 1428 1522 1491 dies

259 1536 380 1617 recepit
402 1536 576 1597 terminum
601 1535 641 1596 ad
666 1535 938 1617 respondendum.

364 1641 442 1702 Item
467 1654 581 1702 octavo
600 1640 651 1702 die
676 1641 791 1702 Jaltmo
807 1641 1007 1722 apotecarius
1029 1660 1086 1724 per
1103 1641 1274 1704 Nicolaum
1298 1641 1400 1703 lilium
1418 1642 1521 1722 Bolog

256 1760 290 1811 et
312 1747 380 1809 eius
402 1766 535 1809 uxorem
567 1761 676 1809 contra
708 1747 879 1809 Nicolaum
909 1762 1064 1809 sartorem
1096 1761 1127 1809 et
1162 1747 1230 1809 eius
1261 1768 1396 1810 uxorem
1425 1767 1521 1830 super

256 1853 422 1935 vituperiis
444 1854 665 1915 testimonium
690 1852 867 1936 producere
890 1867 1026 1916 tenetur.

366 1978 443 2038 Item
468 1995 562 2039 causa
584 1995 647 2057 que
663 1976 796 2037 vertitur
811 1976 894 2038 inter
910 1976 1094 2045 Cristanum
1118 1990 1148 2039 et
1172 1977 1341 2040 Nicolaum
1366 1989 1521 2040 sartorem

255 2083 296 2147 acl
322 2084 462 2167 primum
486 2081 642 2164 judicium
665 2081 707 2146 ad
730 2101 840 2165 pacem
865 2094 912 2145 est
934 2096 1116 2164 prorogata.

363 2189 439 2251 Item
465 2208 560 2250 causa
583 2207 646 2269 que
670 2188 803 2252 vertitur
826 2188 908 2251 iuter
929 2208 1062 2251 uxorem
1091 2188 1162 2252 Elie
1185 2189 1274 2270 parvi
1299 2202 1330 2251 et
1355 2188 1454 2251 Perch
1479 2190 1519 2250 ad

255 2308 330 2378 octo
352 2295 420 2356 dies
443 2293 483 2355 ad
508 2313 620 2375 pacem
643 2307 689 2357 est
713 2306 894 2376 prorogata.

363 2400 440 2460 Item
465 2399 573 2461 Petres
597 2384 629 2460 et
651 2399 728 2461 Iuan
754 2411 864 2462 contra
888 2399 1063 2463 Cristinam
1094 2400 1200 2482 primo
1224 2400 1311 2462 citati
1343 2419 1408 2462 non
1433 2420 1520 2463 com·

255 2518 439 2588 paruerunt.

259 2604 260 2607 ’
362 2611 441 2671 Item
475 2608 577 2671 Katha
608 2620 639 2671 et
671 2608 835 2671 Marethka
867 2623 977 2672 contra
1009 2610 1138 2672 Kuuam
1169 2612 1311 2674 secundo
1339 2613 1433 2674 citate
1454 2632 1520 2673 non

256 2728 516 2798 comparuerunt.

363 2839 441 2900 Item
466 2854 580 2900 octavo
609 2838 661 2902 die
687 2839 842 2901 Martinus
871 2839 1063 2923 Denkethyn
1095 2854 1205 2904 contra
1237 2842 1405 2902 Mortonos
1426 2840 1519 2902 sella·

254 2958 359 3009 torem
383 2964 440 3027 per
462 2944 633 3009 Radchech
657 2944 855 3008 sacerdotem
887 2958 918 3007 et
941 2946 1017 3006 Iuan
1043 2945 1273 3028 Chidauchych
1298 2945 1518 3009 testimouium

255 3051 432 3134 producere
455 3063 580 3112 tenetur
602 3069 697 3132 super
718 3050 885 3113 solucione
908 3051 1004 3113 unius
1027 3052 1132 3114 baculi
1160 3071 1242 3115 cere.

363 3153 440 3235 Item
468 3174 685 3236 Lancholotus
708 3187 819 3236 contra
843 3175 1044 3236 Demetrium
1068 3175 1108 3237 ad
1134 3188 1207 3237 octo
1231 3173 1299 3236 dies
1323 3174 1442 3257 recepit
1457 3188 1519 3235 ter-

256 3281 383 3342 minum
409 3278 448 3342 ad
473 3279 745 3362 respondendum.

365 3401 443 3463 Item
468 3400 508 3464 G.
533 3401 688 3463 Ztaunich
713 3415 824 3466 contra
856 3402 1029 3465 Bedicham
1055 3404 1095 3465 ad
1126 3417 1199 3466 octo
1224 3404 1292 3466 dies
1315 3404 1436 3487 recepit
1457 3417 1518 3465 ter-

254 3508 382 3570 minum
407 3507 447 3568 ad
469 3506 741 3588 respondendum.
824 3547 828 3550 >
1320 3583 1323 3586 ⁴

363 3614 440 3675 Item
465 3626 579 3675 octavo
603 3613 655 3675 die
680 3615 790 3678 Mareu
807 3613 948 3677 decanus
971 3629 1080 3678 contra
1098 3616 1290 3699 Dyonisium
1304 3615 1407 3697 jurare
1424 3616 1520 3678 debet

256 3722 289 3784 in
313 3741 352 3784 eo
376 3720 465 3802 quod
490 3720 550 3781 sibi
574 3718 744 3782 fideiubuit
765 3741 824 3802 pro
849 3741 913 3783 una
936 3741 1052 3786 marca.

364 3826 443 3891 Item
466 3824 684 3888 Lancholotus
708 3838 818 3888 contra
832 3826 1004 3889 -Thomam
1037 3848 1191 3910 magnum
1221 3827 1261 3889 acl
1286 3842 1359 3890 octo
1383 3827 1451 3891 dies
1471 3849 1519 3891 re-

258 3932 343 4014 cepit
364 3931 538 3992 terminum
563 3930 603 3992 ad
627 3930 901 4023 respondendum.
934 3992 936 3995 ,

363 4037 440 4098 Item
466 4037 662 4119 Meynardus
685 4051 794 4099 contra
819 4038 1010 4100 Michaelem
1042 4058 1196 4120 generum
1228 4059 1321 4101 suum
1347 4040 1452 4122 primo
1476 4041 1519 4103 ci·

255 4156 340 4205 tatus
371 4162 436 4203 non
460 4143 649 4225 comparuit.
807 4139 811 4149 “

256 4272 265 4282 ·
362 4247 439 4309 Item
465 4248 591 4313 Marcus
607 4248 723 4329 longus
745 4268 846 4329 usque
863 4261 1013 4312 octavum
1027 4251 1113 4312 diem
1129 4264 1256 4314 tenetur
1279 4251 1355 4314 dare
1380 4253 1518 4314 Iohanni

255 4351 406 4414 frenatori
429 4353 638 4415 instrumenta
654 4354 729 4415 artis
744 4354 891 4438 sellipare
911 4357 997 4418 salva
1022 4377 1085 4419 una
1102 4358 1178 4439 pila,
1201 4377 1349 4420 necnon
1373 4359 1516 4420 valorem

256 4458 374 4522 XXXII
398 4459 614 4540 denariorum,
630 4459 763 4542 ipseque
787 4459 903 4541 iurabit
926 4482 1022 4545 super
1045 4463 1099 4524 IIII
1116 4464 1224 4546 pensis
1247 4477 1279 4527 et
1301 4464 1354 4526 IIII
1379 4463 1519 4526 denariis

255 4577 366 4626 contra
390 4565 507 4646 ipsum.

256 4690 265 4699 ⁸
327 4677 331 4684 '
361 4669 440 4731 Item
471 4683 585 4732 octavo
616 4669 668 4732 die
699 4670 850 4754 Dragona
882 4686 991 4735 contra
1024 4673 1187 4737 Thomam
1211 4693 1268 4759 per
1291 4676 1435 4738 Marcum
1466 4697 1518 4739 su-

254 4782 359 4836 torem
381 4787 413 4837 et
436 4775 617 4840 Fabianum
639 4777 861 4841 testimonium
883 4778 1062 4861 producere
1086 4781 1191 4844 debet.
