3488 5250
353 563 430 627 ltenr
467 561 551 628 iwan
587 576 697 626 contra
733 563 876 626 relictam
911 564 1127 627 Mekkochren
1158 565 1263 648 primo
1299 565 1413 627 citatus
1445 584 1512 626 non

249 671 441 754 comparuit.

356 774 433 840 Item
468 776 578 838 Maren
613 788 723 837 contra
759 776 924 837 Emricum
959 775 1140 838 carnificem
1172 776 1277 858 primo
1310 775 1424 838 citatus
1447 796 1513 838 non

250 883 443 965 comparuit.

356 987 432 1052 item
466 989 547 1050 Zore
579 986 658 1050 feria
688 988 784 1050 tercia
813 987 909 1050 debet
939 988 1159 1050 testimonium
1190 988 1368 1071 producere
1403 1001 1514 1050 contra

249 1101 359 1179 Arney
382 1107 536 1157 sartorem
561 1113 634 1155 cum
659 1094 838 1156 Laurencio
863 1093 1012 1173 Vardich,
1033 1093 1170 1157 Bartuch
1196 1108 1227 1157 et
1250 1094 1351 1156 Paulo
1376 1093 1513 1156 condam

249 1201 418 1283 vigilatore
442 1220 537 1283 super
570 1198 653 1261 facto
685 1199 844 1282 vituperii.
874 1197 951 1262 item
983 1200 1124 1262 secundo
1157 1220 1230 1262 cum
1262 1201 1377 1263 eodem
1401 1200 1513 1278 Paulo,

254 1307 432 1369 Laurencio
457 1319 487 1369 et
510 1304 595 1369 iwan
612 1305 756 1387 cirologo
772 1305 964 1389 superiacto
981 1307 1130 1388 vituperii
1147 1306 1202 1369 lite
1219 1321 1325 1370 tamen
1343 1308 1513 1390 pendente.

355 1411 432 1476 Item
458 1433 538 1474 uxor
561 1412 687 1485 Nicolai
704 1413 756 1474 die
773 1426 887 1475 octavo
903 1412 999 1475 debet
1015 1412 1178 1496 deponere
1202 1413 1417 1496 juramentum
1434 1429 1513 1479 met-

250 1532 363 1602 quarta
388 1539 483 1601 super
506 1518 589 1581 facto
614 1518 710 1582 furtu.

354 1623 431 1689 item
457 1625 632 1688 Kunchech
655 1625 785 1708 jobagio
801 1625 925 1688 domini
943 1627 1107 1689 Benedicti
1123 1626 1340 1689 archidiaconi
1361 1627 1393 1689 in
1418 1628 1512 1710 quin·

252 1731 343 1793 denis
359 1731 456 1794 debet
468 1731 629 1814 deponere
646 1731 860 1814 juramentum
877 1733 1056 1816 metviginti
1074 1748 1212 1815 quatuor
1227 1754 1260 1796 se
1277 1735 1390 1816 quinto
1404 1748 1514 1797 contra

251 1837 429 1920 Georgium
452 1850 483 1900 et
507 1838 699 1900 Markettum
724 1858 818 1922 super
841 1837 924 1901 facto
950 1839 1118 1901 latrocinii.

355 1942 433 2007 ltem
458 1945 598 2006 Brumen
623 1945 742 2006 Mathia
767 1958 798 2007 et
821 1943 905 2007 filius
927 1946 1094 2028 piscatoris
1116 1945 1168 2008 die
1193 1960 1306 2008 octavo
1323 1947 1442 2010 debent
1457 1947 1512 2010 de·

249 2070 370 2133 ponere
394 2051 620 2133 iuramentum,
638 2051 774 2134 quilibet
789 2053 971 2114 mettercius
987 2066 1096 2114 contra
1114 2051 1323 2132 chhenum‚
1348 2052 1512 2116 Matheum

250 2170 281 2218 et
309 2155 512 2240 Gregorium.

356 2263 433 2325 Item
465 2264 620 2325 Martinus
651 2275 739 2325 sutor
773 2264 804 2324 in
840 2263 1012 2345 quindenis
1047 2264 1143 2326 debet
1177 2264 1301 2326 solvere
1323 2264 1513 2327 'Malchiche

250 2370 340 2431 uxori
365 2369 483 2432 Cosme
508 2369 587 2431 duas
611 2389 731 2431 marcas
755 2384 786 2431 et
810 2369 907 2452 judici
932 2369 1072 2431 mediam
1097 2390 1236 2432 marcam

354 2473 431 2537 ltem
456 2476 619 2554 Nicolaus,
634 2475 719 2538 filius
735 2474 916 2559 lwandyak,
941 2476 1037 2538 debet
1060 2477 1200 2559 recipere
1216 2476 1256 2538 ad
1281 2476 1379 2539 fidem
1403 2477 1443 2539 de
1460 2498 1512 2539 ex-

249 2580 356 2662 pensis
379 2581 482 2660 vinee‚
507 2601 604 2663 quam
629 2581 725 2643 habet
747 2582 910 2660 Nicolaus,
934 2581 1019 2643 filius
1046 2581 1135 2660 Petir,
1159 2581 1210 2644 die
1235 2595 1360 2645 octavo.

353 2684 430 2748 item
454 2708 510 2770 per
534 2687 655 2770 judices
678 2689 781 2751 extitit
804 2689 1051 2750 determinatum
1075 2690 1163 2770 quod
1195 2690 1349 2751 Nicolaus
1386 2688 1512 2755 Kordar

250 2807 359 2857 contra
393 2797 557 2858 Martonos
588 2796 771 2859 sellatorem
803 2796 836 2857 in
868 2796 1019 2858 omnibus
1050 2797 1153 2857 causis
1177 2816 1277 2878 usque
1308 2795 1407 2858 modo
1431 2796 1513 2857 inter

249 2901 337 2984 ipsos
361 2902 457 2964 illatis
481 2904 607 2983 penitus
631 2903 733 2965 extitit
756 2902 931 2985 expeditus.

355 3005 432 3070 Item
458 3009 509 3071 die
532 3022 646 3072 octavo
670 3009 766 3072 debet
800 3007 885 3072 iwan
919 3010 1059 3091 recipere
1090 3009 1131 3071 ad
1155 3009 1251 3071 fidem
1284 3009 1393 3092 aliqua
1417 3011 1513 3091 bona,

251 3126 282 3174 et
304 3114 392 3195 quod
416 3115 558 3198 recipiet,
583 3114 782 3198 Margaretha
808 3115 891 3176 dicta
916 3113 1097 3176 Golobicha
1128 3115 1224 3177 debet
1248 3115 1353 3177 eidem
1377 3116 1512 3194 solvere,

250 3219 275 3281 si
300 3220 472 3283 concordia
495 3220 563 3283 fieri
588 3221 713 3304 poterit.

354 3324 432 3389 Item
456 3346 550 3389 causa
573 3327 650 3388 Pere
675 3340 707 3388 et
731 3326 865 3388 Janslini
889 3345 989 3408 usque
1007 3326 1180 3388 adventum
1201 3327 1309 3388 Rados
1333 3341 1380 3389 est
1400 3347 1511 3411 proro-

249 3446 323 3515 gata
348 3446 379 3495 et
401 3453 495 3495 suum
519 3433 693 3495 adventum
722 3433 877 3495 similiter.

356 3537 434 3602 Item
457 3537 554 3619 iwan,
578 3539 681 3602 dictus
697 3538 846 3617 Plauech‚
864 3551 935 3621 post
960 3539 1133 3601 adventum
1150 3559 1244 3601 suum
1261 3541 1366 3622 primo
1391 3539 1511 3621 judicio

250 3660 360 3708 contra
385 3645 563 3707 Francham
588 3645 707 3728 (debet)
731 3645 935 3729 respondere.

354 3750 431 3814 ltem
457 3752 586 3836 Mathey
610 3766 719 3814 contra
749 3751 927 3834 Georgium
950 3752 1056 3834 primo
1089 3752 1202 3813 citatus
1226 3771 1290 3813 non
1322 3753 1510 3836 comparuit.

365 3987 462 4062 Feria
490 3997 589 4063 sexta
616 3993 770 4080 proxima
799 4001 875 4080 post
902 3990 1024 4061 festum
1052 3997 1169 4061 sancte
1196 3989 1388 4061 Trinitatis.

796 4146 837 4221 (5.
853 4146 962 4220 junii).

355 4283 464 4345 Primo
488 4302 582 4344 causa
612 4283 709 4345 Blasii
738 4297 769 4344 et
799 4301 898 4344 uxore
929 4283 1050 4364 Ztepan
1082 4281 1122 4342 ad
1155 4281 1349 4363 peticionem
1382 4280 1511 4342 testium

250 4408 351 4470 usque
376 4388 463 4450 diem
486 4403 635 4451 octavum
660 4389 699 4450 ad
724 4407 835 4471 pacem
860 4401 906 4449 est
929 4401 1111 4470 prorogata.

355 4491 433 4556 Item
458 4494 621 4573 Nicolaus,
652 4494 737 4557 filius
770 4494 859 4572 Petk,
891 4494 922 4555 in
955 4493 1127 4574 quindenis
1150 4505 1275 4554 tenetur
1307 4491 1430 4554 solvere
1454 4493 1510 4553 Ni·

250 4599 353 4678 colao,
377 4599 444 4662 filio
468 4597 563 4678 lwan,
588 4615 715 4662 centum
740 4600 897 4662 denarios.

355 4703 432 4768 item
457 4726 550 4767 causa
575 4707 673 4768 Trost
703 4720 734 4767 et
757 4706 922 4768 cuiusdam
954 4705 1095 4768 hominis
1119 4724 1219 4787 usque
1245 4704 1331 4767 diem
1361 4719 1509 4767 octavum

251 4811 290 4875 ad
315 4832 426 4895 pacem
450 4825 496 4875 est
518 4825 699 4895 prorogata.
