3488 5250
634 334 719 386 Anno
743 342 830 406 1355.
855 364 896 372 —
921 345 968 390 11.
991 331 1149 390 decembris.

367 543 444 603 Item
470 542 557 603 Elias
581 555 689 603 contra
716 542 825 602 Mareu
851 542 956 622 primo
982 541 1102 622 judicio
1127 540 1319 622 respondere
1344 553 1477 600 tenetur.

367 649 445 710 Item
470 649 565 709 vinea
589 649 615 710 J.
641 648 764 708 Zobote
788 666 846 728 pro
872 647 910 707 III
936 648 1050 709 marcis
1073 660 1189 708 statura
1213 659 1259 706 est
1283 645 1425 708 Franche
1442 641 1524 706 infra

260 755 319 816 xv
344 755 423 834 dies,
448 755 473 816 si
498 755 656 816 redimere
680 753 797 835 poterit
827 753 909 814 bene
942 753 1085 836 quidem,
1117 753 1262 834 alioquin
1295 752 1355 834 ipsi
1380 750 1523 813 Franche

260 861 432 924 vendenda
455 862 642 925 remanebit.

367 966 445 1030 Item
481 967 605 1029 Tomas
631 967 792 1030 litteratus
831 979 941 1027 contra
984 965 1129 1027 Peronch
1164 966 1268 1047 primo
1304 964 1417 1025 citatus
1459 981 1523 1023 non

261 1073 451 1155 comparuit.

367 1177 445 1240 Item
459 1179 568 1241 relicta
582 1180 731 1242 Jurkonis
744 1193 854 1241 contra
868 1180 978 1241 Maren
992 1178 1134 1239 secundo
1148 1178 1241 1239 citata
1255 1195 1321 1238 non
1334 1173 1523 1255 comparuit.

368 1283 448 1348 Item
474 1304 647 1367 causaque
671 1287 804 1347 vertitur
828 1286 909 1347 Inter
925 1286 963 1347 N.
990 1283 1186 1346 aurifabrum
1208 1296 1238 1344 et
1262 1280 1302 1344 G.
1327 1281 1368 1342 ad
1385 1280 1525 1363 primum

261 1389 419 1471 judicium
445 1404 492 1452 est
515 1404 641 1473 recepta
666 1391 705 1453 ad
730 1410 852 1473 pacem.

368 1494 446 1557 Item
470 1495 554 1558 filius
579 1496 740 1559 Christine
764 1497 907 1559 secundo
923 1498 1037 1559 citatus
1057 1509 1166 1557 contra
1189 1496 1228 1556 N.
1254 1491 1432 1554 carnificem
1457 1509 1523 1551 non

263 1602 455 1683 comparuit.

371 1707 447 1768 Item
474 1707 661 1768 Hermanko
679 1708 818 1770 carnifex
843 1727 944 1789 usque
961 1707 1019 1768 XV
1037 1707 1122 1767 diem
1143 1718 1268 1767 tenetur
1285 1705 1408 1766 solvere
1426 1703 1527 1763 Paulo

265 1812 360 1874 ZoIar
386 1813 411 1872 L
436 1812 594 1874 denarios.

372 1916 450 1976 Item
475 1936 568 1977 causa
593 1937 655 1997 que
680 1919 812 1979 vertitur
837 1918 918 1978 inter
942 1917 1029 1977 Mike
1054 1915 1224 1997 pellificem
1248 1928 1278 1976 et
1302 1915 1346 1977 St.
1371 1913 1527 1975 staciona·

265 2021 349 2081 rium
371 2034 418 2082 est
439 2021 586 2099 diffinita,
611 2036 645 2082 ut
668 2022 692 2081 si
711 2022 827 2102 poterit
851 2022 935 2082 bona
959 2041 1015 2082 sua
1040 2021 1194 2097 invenite,
1218 2041 1250 2080 se
1275 2020 1397 2080 solvere
1414 2029 1528 2100 potest.

370 2126 449 2187 Item
474 2125 611 2187 Mathias
635 2140 760 2187 tenetur
791 2127 915 2187 solvere
940 2126 992 2185 IIII
1018 2145 1130 2206 pensas
1153 2125 1253 2186 Paulo
1278 2144 1379 2205 usque
1403 2123 1525 2185 Nativi-

265 2244 363 2292 tatem
392 2232 529 2292 domini.

372 2337 451 2396 Item
476 2335 623 2397 Cerncch
647 2336 686 2395 de
721 2335 880 2396 Kraleuch
913 2347 1037 2395 tenetur
1070 2334 1172 2414 prImo
1204 2334 1322 2414 judicio
1354 2348 1528 2417 protestare

264 2463 320 2525 per
345 2441 544 2502 WIchenum
570 2455 601 2501 et
626 2440 803 2520 Georgium
828 2460 923 2520 super
951 2439 1109 2521 vituperio
1134 2453 1240 2500 contra
1267 2441 1363 2501 Bene.

372 2547 450 2607 Item
466 2546 622 2606 Martinus
638 2558 763 2605 tenetur
786 2558 900 2605 octavo
918 2544 970 2605 die
991 2544 1091 2623 jurare
1109 2557 1173 2604 met
1185 2545 1299 2606 tercius
1315 2545 1348 2604 in
1372 2565 1421 2623 eo,
1440 2544 1530 2624 quod

265 2653 333 2734 ipse
359 2650 501 2732 quodam
527 2650 685 2710 securium
711 2650 749 2711 N.
775 2668 841 2709 non
866 2649 1043 2710 substraxit.

375 2757 454 2817 Item
480 2754 704 2834 adjudicarunt
728 2754 822 2833 jurati
848 2767 882 2814 ut
910 2753 1104 2834 ubicumque
1127 2753 1282 2815 famulum
1308 2756 1347 2817 N.
1371 2755 1530 2837 eratich,

265 2863 427 2924 famulum
453 2862 492 2922 N.
510 2859 614 2940 Bolog
632 2859 776 2920 invenire
796 2859 914 2939 poterit
930 2877 1023 2938 super
1039 2859 1201 2938 sanguinis
1217 2859 1381 2938 effusione,
1395 2860 1529 2921 liberam

266 2967 399 3028 habebit
424 2963 608 3045 captivandi
632 2962 827 3024 facultatem.

375 3071 455 3130 Item
480 3069 667 3128 Hermanko
691 3065 832 3128 carnifex
857 3079 965 3127 contra
990 3066 1029 3126 G.
1056 3068 1134 3128 Zuik
1159 3070 1260 3149 prima
1285 3071 1440 3131 citatione
1464 3090 1531 3130 non

266 3175 461 3255 comparuit.

377 3279 457 3338 Item
483 3275 591 3337 Endre
616 3274 729 3335 ZuIzth
747 3287 861 3335 octavo
885 3274 937 3335 die
953 3289 1060 3336 contra
1085 3277 1211 3338 Petrum
1237 3279 1382 3361 Krapech
1405 3293 1533 3342 tenetur

271 3397 337 3445 met
353 3382 473 3443 tercius
490 3379 652 3460 deponere
676 3378 900 3458 juramentum.

378 3488 459 3547 Item
484 3485 527 3546 Μ,
553 3483 638 3544 fiIIus
662 3483 805 3544 Franche
830 3497 938 3544 contra
956 3485 1134 3547 Arnoldum
1159 3503 1270 3568 quarta
1294 3491 1448 3553 citacIone
1466 3511 1534 3553 non

271 3590 466 3672 comparuit.

380 3694 460 3754 Item
484 3691 603 3752 Paulus
626 3693 728 3772 pictor
752 3706 861 3752 contra
885 3695 923 3754 N.
943 3693 1121 3754 carnificem
1145 3711 1209 3758 met
1224 3701 1382 3761 secundus
1405 3717 1535 3764 tenetur

272 3800 437 3880 deponere
463 3795 678 3875 juramentum
702 3816 797 3877 super
821 3797 974 3858 effusione
1001 3800 1171 3878 sanguinis.
