3488 5250
636 1278 1066 1404 IDDENDI.

557 1490 715 1559 (citationes
733 1498 759 1541 et
778 1491 927 1543 Sententiae
945 1493 1006 1542 anni
1023 1490 1159 1560 incerti.)⁴¹

392 1778 490 1853 Ferit
518 1792 616 1853 sexta
644 1785 799 1871 proxima
831 1791 909 1872 post
935 1784 1057 1855 festum
1085 1784 1314 1856 Pentekostes.

332 1976 392 1993 ...
416 1931 470 2013 lay
493 1932 593 2013 pistor
615 1946 741 1994 tenetur
764 1953 797 1995 se
814 1953 988 2015 expurgare
1006 1980 1012 1995 .
1031 1980 1064 1995 ..
1090 1933 1303 1995 duodecImus
1326 1947 1392 1996 met
1415 1954 1486 2016 per·

128 2110 133 2117 ,
220 2036 307 2096 sonis
332 2037 392 2098 sibi
417 2037 575 2100 similibus
599 2039 861 2102 concivibus...
885 2040 937 2101 vel
961 2037 1063 2100 furtus
1087 2053 1196 2101 contra
1222 2039 1377 2102 Matheus.

326 2142 405 2205 Item
430 2144 564 2205 Porteka
589 2158 699 2206 contra
715 2143 897 2206 Nicoletum
917 2143 1018 2206 filium
1043 2144 1162 2206 Donati
1179 2145 1284 2227 prImo
1308 2145 1401 2207 citata
1419 2165 1486 2207 non

221 2249 411 2329 comparuit.

326 2354 404 2416 Item
428 2374 508 2417 uxor
531 2354 628 2417 Iwani
659 2355 734 2417 dicti
759 2355 880 2417 Pluzna
911 2368 1020 2417 contra
1044 2353 1246 2416 Anthonium
1278 2354 1380 2437 prima
1409 2355 1485 2417 cita-

220 2457 313 2521 cione
337 2479 404 2522 non
428 2462 617 2543 comparuit.

325 2565 405 2628 Item
430 2567 604 2629 Merclinus
626 2581 716 2629 sutor
738 2580 847 2628 contra
865 2566 984 2628 Finech
1008 2566 1110 2648 prima
1134 2566 1288 2627 citacione
1306 2585 1371 2627 uon
1396 2585 1484 2627 com·

219 2673 334 2754 paruit.

325 2778 402 2840 Item
419 2779 503 2840 Iwan
528 2778 631 2841 dictus
655 2778 776 2840 Pluzna
800 2792 910 2840 contra
934 2777 1075 2840 eundem
1099 2777 1201 2859 prima
1228 2777 1385 2839 citacione
1418 2797 1483 2839 non

220 2884 409 2966 comparuit.

325 2990 402 3052 Item
436 2990 598 3052 Iohannes
629 2989 795 3073 Zlatolazy
832 3003 864 3052 et
896 2989 1042 3051 Emricus
1081 2986 1170 3060 filius
1198 2987 1343 3050 Kochich
1375 3001 1484 3051 contra

220 3093 398 3178 Georgium
423 3096 578 3158 Ztaunich
601 3096 704 3178 prima
728 3096 884 3159 citacione
908 3114 973 3157 non
998 3108 1256 3176 comparuerunt.

325 3201 402 3264 Item
428 3201 534 3263 Endre
552 3200 647 3263 irater
670 3203 738 3264 Kus
763 3200 919 3264 carnificis
935 3201 975 3262 ad
1000 3213 1186 3283 preceptum
1212 3215 1357 3263 nostrum
1375 3213 1484 3263 contra

220 3307 368 3370 Marcech
392 3327 456 3370 non
483 3307 671 3391 comparuit,
696 3327 802 3389 neque
826 3307 923 3370 venit.

326 3413 405 3476 Item
430 3413 528 3475 Trost
551 3432 623 3475 curn
647 3411 889 3475 fideiussoribus
905 3412 1004 3491 Puch,
1029 3412 1183 3475 Iohannis
1200 3411 1303 3495 prima
1328 3412 1484 3474 citacione

219 3538 284 3580 non
308 3533 559 3602 comparuerunt
582 3532 691 3582 contra
719 3518 850 3581 Iwcech.

326 3624 405 3686 Item
429 3624 582 3687 Nicolaus
606 3624 679 3685 Zirk
704 3637 813 3686 contra
838 3624 981 3686 Blasium
1005 3623 1109 3706 prima
1125 3623 1281 3685 citacione
1307 3642 1371 3684 non
1397 3642 1484 3684 com·

218 3729 334 3812 paruit.

272 3948 368 4034 Nota,
397 3950 483 4038 quod
514 3957 610 4021 sexta
640 3949 726 4020 feria
751 3950 907 4038 proxIma
939 3955 1017 4019 ante
1045 3947 1167 4019 festam
1197 3946 1428 4017 Pentekostes.

325 4117 433 4178 PrImo
465 4117 632 4199 Philippus
663 4115 804 4179 carnifex
835 4128 945 4177 contra
978 4113 1094 4176 Mench
1126 4111 1307 4175 carnIficem
1338 4114 1481 4175 secundo

216 4209 331 4283 citatus
356 4242 421 4283 non
446 4222 635 4304 comparuit.

285 4338 290 4344 '
324 4327 402 4389 Item
427 4328 572 4389 Andreas
596 4325 685 4389 faber
708 4342 817 4389 contra
843 4326 1007 4389 Thomam
1041 4326 1288 4408 prebendarium
1313 4325 1416 4409 prima
1441 4326 1483 4388 ci·

218 4433 344 4496 tacione
370 4453 435 4495 non
460 4433 649 4516 comparuit.

323 4538 403 4601 Item
426 4538 594 4621 Philippus
613 4538 697 4601 filius
721 4539 847 4601 Ztoiani
865 4552 975 4603 contra
999 4537 1192 4601 Budizlaum
1208 4537 1311 4620 prima
1327 4536 1483 4599 citacione

218 4664 283 4707 non
309 4645 499 4728 comparuit.

322 4802 337 4836 *
357 4803 483 4853 Fortasse
501 4803 562 4852 anni
584 4814 660 4867 1371.
