3488 5250
642 342 843 422 Anno1360.
866 378 909 390 -
932 360 984 421 29.
1009 348 1090 409 maii.

477 563 589 636 Primo
617 567 651 636 in
679 567 732 639 die
758 566 837 640 Ieati
865 567 961 641 beate
988 567 1087 642 Eleae
1113 570 1268 658 virginis.

775 719 838 798 (22.
868 720 961 798 mari).

343 874 451 937 Primo
476 875 571 938 debet
594 876 771 958 producere
794 877 1015 939 testimonium
1048 877 1092 939 St.
1117 876 1236 939 Iuseich
1260 890 1370 940 contra
1395 879 1499 940 Bene·

237 979 358 1042 dictum
383 981 506 1065 Braych
531 1002 602 1044 cum
621 982 778 1045 MIchaele
794 982 948 1066 Hudolep
970 996 1002 1045 et
1017 981 1112 1046 fratre
1137 983 1235 1045 Marci
1252 984 1381 1046 Bonioli
1398 1005 1498 1068 usque

143 1172 146 1178 .
238 1099 311 1148 octo
335 1086 414 1150 dieu.

343 1194 421 1255 Item
446 1195 602 1257 Martium
618 1195 696 1257 Zedi
720 1195 817 1258 debet
838 1196 1059 1259 testimonium
1075 1196 1253 1279 producere
1277 1210 1387 1258 contra
1404 1198 1499 1279 Myke

239 1318 339 1380 usque
364 1314 437 1362 octo
461 1301 530 1363 dies
554 1321 627 1363 cum
657 1301 787 1364 Andrea
815 1300 910 1364 fratre
943 1301 1065 1386 Geryni
1097 1316 1128 1366 et
1152 1302 1324 1365 Dominico
1356 1302 1397 1364 de
1428 1304 1501 1366 aub-

239 1405 332 1467 urbio
357 1426 431 1469 cum
455 1407 532 1470 Iuan
556 1406 624 1470 filio
648 1407 767 1474 Rados.

346 1512 424 1574 Item
457 1514 583 1575 Marcus
614 1526 772 1576 mercator
803 1514 899 1577 debet
929 1514 1106 1598 producere
1136 1513 1357 1577 testImonium
1390 1524 1501 1576 contra

240 1617 376 1699 Mykech
412 1617 534 1681 dictum
557 1619 694 1702 Kuplich
726 1620 758 1681 in
782 1620 1008 1683 verberacioue
1040 1638 1114 1683 cum
1144 1617 1276 1681 Artuich
1309 1631 1340 1681 et
1364 1620 1500 1681 Jancecz

241 1735 428 1786 mercatore.

344 1829 423 1891 Item
447 1830 585 1893 PIauech
610 1844 719 1894 contra
736 1831 950 1895 Laurencium
974 1832 1112 1895 Vardich
1128 1831 1270 1895 secundo
1295 1831 1408 1894 citatus
1436 1849 1501 1892 non

240 1935 429 2020 comparuit.

346 2041 424 2104 Item
449 2043 593 2105 Andreas
606 2044 720 2105 Pascat
736 2044 844 2106 citavit
864 2043 1047 2125 Jurglinum
1070 2042 1242 2126 pellificem
1259 2043 1375 2126 primo,
1391 2056 1501 2104 contra

239 2167 312 2209 eum
338 2148 484 2210 Andreas
507 2150 620 2212 citatus
643 2170 708 2212 non
734 2151 922 2233 comparuit.

256 2273 261 2289 ·
346 2255 425 2317 Item
450 2257 561 2318 Mareu
585 2270 674 2319 autor
697 2270 806 2321 contra
831 2256 1010 2338 Georgium
1042 2255 1194 2319 Staunich
1219 2255 1361 2318 secundo
1387 2255 1500 2317 citatus

240 2379 306 2421 non
330 2362 520 2445 comparuit.
614 2357 620 2367 ’

346 2467 424 2528 Item
449 2487 542 2530 causa
566 2488 629 2551 que
653 2469 785 2531 vertitur
808 2469 890 2532 inter
914 2468 1078 2531 Andreem
1106 2467 1232 2530 fabrum
1257 2479 1288 2529 et
1311 2464 1501 2528 MicheeIem

242 2572 357 2635 Ortolfi
382 2587 429 2636 est
453 2588 622 2657 prorogata
648 2595 749 2658 usquc
779 2575 819 2637 ad
851 2576 1025 2638 adventum
1049 2572 1215 2636 Michaelis
1238 2571 1342 2634 fratris
1365 2570 1502 2649 lectoris,

241 2679 279 2740 ad
305 2679 393 2760 quod
417 2701 450 2742 se
473 2700 569 2763 super
592 2702 665 2744 eum
691 2683 784 2743 ambe
808 2695 913 2763 partes
937 2680 1182 2743 concordarunt.

346 2786 424 2849 Item
448 2807 542 2850 causa
566 2808 629 2871 quc
652 2789 785 2851 vertitur
816 2788 898 2850 inter
919 2785 1134 2849 Marchicham
1159 2799 1190 2847 et
1214 2784 1344 2847 Iuanam
1376 2802 1412 2844 ac
1437 2782 1501 2843 Bu-

240 2893 343 2955 rinam
368 2907 415 2956 est
438 2913 611 2977 prorogare
635 2895 675 2957 ad
699 2915 812 2978 pacem
834 2915 936 2978 usque
961 2907 1034 2957 octo
1058 2894 1137 2955 dies.

346 3001 424 3062 Item
448 3021 542 3063 causa
566 3021 630 3083 que
653 3001 786 3064 vertitur
809 3002 892 3064 inter
923 3000 1102 3063 Francham
1134 3012 1165 3061 et
1188 2997 1359 3061 Nicolaum
1383 2995 1501 3058 ruffum

241 3125 342 3186 usque
365 3105 406 3168 ad
430 3107 580 3188 antiquos
610 3107 742 3189 judices,
774 3109 849 3191 quia
874 3106 1018 3169 Francha
1049 3106 1110 3168 sibi
1142 3104 1321 3167 satisfecere
1345 3122 1411 3165 non
1435 3121 1501 3164 cre-

242 3211 355 3290 debat;
378 3212 433 3274 sed
450 3212 543 3294 jurati
568 3213 689 3293 dicunt,
713 3214 801 3295 quod
825 3234 898 3277 cum
923 3233 989 3275 uno
1014 3213 1152 3295 birsagio
1176 3210 1330 3273 tredecim
1352 3208 1502 3271 denarios

241 3319 360 3399 recepit
383 3331 414 3380 et
438 3320 599 3381 eumalio
623 3320 754 3382 deberet
782 3321 868 3384 dere.

347 3424 426 3486 Item
449 3425 586 3508 Mykech
610 3426 705 3488 debet
729 3426 831 3506 jurare
856 3439 965 3488 contra
989 3424 1172 3487 Korardum
1196 3422 1431 3485 recundusmet.

346 3529 425 3591 Item
438 3530 533 3593 debet
546 3531 765 3594 testimonium
778 3532 954 3615 producere
970 3545 1079 3593 contra
1094 3529 1293 3592 Taslaricam
1305 3527 1500 3590 servitricem

242 3635 366 3697 domiui
391 3636 526 3719 Mykech
544 3637 703 3700 Leonardi
726 3657 799 3699 cum
816 3638 935 3700 Bernar
958 3652 1078 3700 etcum
1095 3635 1237 3718 Kaprina
1254 3634 1383 3696 Thomu
1400 3651 1501 3714 usque

242 3753 315 3803 octo
339 3741 416 3806 dies.

375 3944 470 4028 Nota,
499 3944 583 4033 quod
614 3934 715 4036 (feria
743 3935 859 4038 sexta)
887 3952 963 4035 post
990 3945 1112 4018 festum
1142 3942 1367 4015 Pethecoates.

782 4117 847 4192 (29·
870 4117 965 4192 mair.

348 4273 456 4334 Primo
492 4292 584 4334 causa
620 4293 683 4354 que
714 4273 846 4334 vertitur
878 4273 959 4334 iuter
994 4272 1039 4335 St.
1073 4270 1192 4333 Iussich
1223 4283 1255 4333 et
1287 4270 1498 4333 Benedictum

244 4377 367 4458 Braych
391 4390 437 4439 est
461 4390 584 4459 recepta
609 4378 648 4439 ad
672 4398 781 4460 pacem
807 4378 847 4439 ad
871 4391 944 4440 octo
968 4377 1045 4439 dies.

350 4481 427 4544 Item
451 4482 607 4544 Lubanka
623 4482 739 4543 mulier
762 4483 866 4566 primo
891 4484 983 4545 citata
1003 4496 1113 4545 contra
1135 4502 1268 4545 uxorem
1292 4481 1349 4544 filii
1367 4482 1500 4544 Strozak

244 4605 309 4647 non
334 4587 521 4669 comparuit.

350 4692 427 4755 Item
451 4692 547 4755 debet
580 4692 801 4756 testimonium
832 4693 1009 4777 producere
1032 4694 1151 4756 Paulus
1181 4691 1358 4757 Zezauicha
1389 4707 1497 4756 contra

244 4796 405 4859 Andream
430 4796 622 4860 frenatorem
653 4818 726 4860 cum
758 4799 804 4863 St.
835 4812 866 4861 et
891 4799 1029 4862 Martino
1053 4798 1168 4862 Zedlar
1199 4818 1300 4881 ueque
1323 4812 1397 4861 octo
1421 4798 1500 4863 diea.
