3488 5250
625 359 711 416 Anno
733 372 820 435 1355.
860 394 889 401 —
916 373 966 419 10.
987 361 1072 435 julii.
1434 379 1475 441 29

317 568 394 630 Item
427 568 554 631 Kusech
587 566 747 630 aurifaber
779 580 809 629 et
833 567 963 652 Mathey
995 581 1105 631 contra
1135 569 1273 632 eundern
1306 571 1474 633 Marenum

209 677 315 758 prImo
338 675 424 737 citati
449 695 515 737 non
539 688 798 757 comparuerunt.

316 781 393 843 Item
426 782 534 843 Petres
565 779 704 843 carnifex
737 794 847 844 contra
879 781 1050 842 Nicolaum
1088 781 1140 842 die
1171 795 1285 844 octavo
1310 782 1405 845 debet
1428 802 1475 844 re-

209 887 378 969 spondere.

317 994 394 1055 Item
419 993 571 1054 dominus
588 991 728 1054 Gerinua
752 1005 861 1053 contra
880 992 1006 1054 Kusech
1024 991 1221 1054 aurifabrum
1235 994 1341 1074 primo
1362 994 1476 1056 citatus

209 1118 275 1160 non
300 1099 488 1182 comparuit.

315 1205 392 1267 Item
417 1204 526 1265 relicta
551 1204 701 1265 Jurkonis
724 1216 835 1265 contra
858 1204 962 1265 Eliam
982 1204 1120 1266 Judeum
1137 1203 1280 1267 secundo
1297 1205 1392 1266 citata
1408 1224 1473 1266 non

209 1311 398 1393 comparuit.

315 1417 392 1478 Item
417 1416 496 1477 Wlk
520 1415 759 1477 molendinator
783 1427 892 1477 contra
917 1435 1049 1477 uxorem
1080 1414 1235 1478 Iohannis
1259 1415 1402 1477 secundo
1432 1415 1474 1476 ci·

209 1536 291 1584 tatus
315 1542 379 1584 nou
405 1522 594 1605 comparuit.

317 1629 394 1690 Item
420 1628 556 1690 Michael
582 1626 671 1689 faber
702 1627 910 1708 quindecimo
939 1626 992 1689 die
1023 1641 1148 1690 tenetur
1177 1627 1300 1690 solvere
1325 1628 1470 1690 debitum

210 1749 305 1818 prout
328 1735 360 1796 in
378 1735 490 1797 litteris
506 1734 706 1815 obligatoriis
722 1734 902 1796 continetur
915 1734 1022 1795 relicte
1040 1734 1150 1796 Jacobi
1168 1734 1260 1795 Judei
1278 1735 1346 1795 aine
1363 1735 1471 1816 aliqua

211 1840 380 1903 dilacione.
1031 1834 1038 1849 ’

317 1946 393 2008 Item
418 1945 556 2007 Michael
578 1943 666 2006 Iaber
691 1945 743 2006 die
767 1958 881 2007 octavo
918 1945 1014 2006 debet
1044 1946 1265 2007 testImonium
1297 1946 1473 2028 producere

214 2071 285 2113 cum
311 2052 439 2113 Andrea
464 2050 555 2114 fabro
579 2065 610 2114 et
626 2051 725 2113 Trost
741 2065 848 2113 contra
867 2052 1051 2129 Martinum,
1075 2050 1176 2112 filium
1190 2052 1357 2131 Anthonii‚
1380 2071 1475 2134 super

211 2155 294 2219 facto
319 2158 479 2240 vituperii.

314 2265 392 2326 Item
427 2283 521 2325 causa
557 2263 664 2324 Petres
699 2260 857 2325 carnificis
890 2283 962 2324 cum
997 2263 1148 2324 societate
1184 2283 1241 2324 sua
1274 2274 1305 2324 et
1336 2262 1474 2341 Mikech‚

211 2371 349 2432 condam
374 2370 500 2452 judicis,
525 2370 656 2431 Henrici
682 2384 713 2432 et
743 2371 849 2432 Vanae
874 2389 976 2450 usque
1011 2368 1096 2431 diem
1128 2382 1276 2431 octavum
1300 2368 1341 2431 ad
1361 2389 1473 2452 pacem

209 2489 255 2538 eat
278 2489 459 2559 prorogata.

315 2583 393 2644 Item
418 2583 515 2662 Iwan‚
539 2582 623 2644 filius
647 2582 830 2664 Dragozlai‚
854 2596 961 2644 coutru
988 2583 1118 2643 Markua
1140 2582 1246 2664 prImo
1270 2582 1383 2644 citatus
1407 2601 1471 2645 non

209 2689 398 2770 comparuit.
444 2735 448 2740 .

315 2794 391 2856 Item
411 2793 556 2855 Francha
579 2808 689 2857 contra
715 2794 841 2856 Kusech
866 2794 918 2855 die
942 2808 1056 2855 octavo
1081 2793 1177 2855 debet
1200 2794 1404 2877 respondere.

315 2899 392 2961 Item
417 2919 510 2961 causa
535 2899 690 2962 Jolranuia
712 2901 822 2982 generi
845 2897 1037 2982 Pintikachy
1069 2913 1099 2960 et
1124 2898 1272 2980 Gregorii
1297 2900 1474 2980 vigilatoria

212 3004 252 3065 ad
279 3025 390 3087 pacem
426 3025 521 3088 super
556 3007 716 3088 peticione
743 3009 917 3089 proborum
950 3005 1091 3066 virorum
1128 3005 1167 3066 ad
1193 3024 1302 3087 pacem
1329 3021 1376 3067 est
1399 3026 1474 3088 pro-

209 3123 329 3191 rogata,
353 3111 378 3171 si
403 3111 575 3173 concordia
606 3111 673 3173 fieri
706 3112 823 3194 poterit
854 3111 935 3172 inter
967 3124 1082 3193 partes,
1116 3111 1192 3192 quia
1223 3110 1289 3192 ipse
1314 3111 1341 3174 J.
1364 3112 1472 3174 testifi-

209 3216 291 3276 cavit
313 3236 408 3298 super
432 3217 573 3281 vulnere.

315 3322 393 3384 Item
413 3343 507 3385 causa
531 3323 681 3386 Farathin
707 3343 809 3405 usque
834 3323 919 3385 diem
944 3336 1092 3385 octavum
1118 3335 1164 3384 eat
1186 3337 1366 3406 prorogata.

314 3428 391 3489 Item
415 3430 521 3492 Vanae
545 3444 654 3492 contra
679 3430 853 3492 Martinum
885 3429 1063 3491 institorem
1088 3427 1139 3489 die
1164 3442 1278 3492 octavo
1303 3429 1399 3491 debet
1422 3450 1471 3491 re·
1577 3494 1580 3498 ,

208 3533 376 3616 spondere.

314 3640 391 3702 Item
427 3640 624 3702 Laurencius
656 3640 796 3702 Vardich
831 3654 939 3702 contra
977 3641 1084 3702 Petres
1118 3639 1223 3722 primo
1255 3640 1367 3701 citatus
1405 3660 1470 3701 non

211 3747 400 3828 comparuit.

314 3851 392 3913 Item
415 3851 635 3913 testimonium
660 3850 811 3914 Anchech
837 3870 938 3933 usque
969 3851 1109 3933 primum
1141 3850 1295 3932 judicium
1321 3864 1367 3912 est
1398 3870 1469 3932 pro·

208 3969 365 4038 rogatum.

313 4062 391 4124 Item
422 4063 642 4125 testimonium
678 4064 779 4141 Mark,
814 4062 903 4144 quod
938 4061 1076 4124 debebat
1106 4061 1286 4144 producere
1317 4062 1349 4123 in
1386 4060 1470 4124 facto

209 4165 299 4229 fundi
324 4168 428 4247 Judei,
449 4169 488 4230 ad
514 4169 600 4230 diem
625 4183 774 4230 octavum
798 4181 844 4229 est
867 4181 1086 4250 prorogatum.

208 4319 215 4330 .
314 4273 390 4336 Item
415 4276 522 4336 Petres
545 4273 684 4336 carnifex
709 4275 814 4357 prImo
838 4273 958 4355 judicio
984 4273 1079 4335 debet
1106 4273 1326 4335 testimonium
1350 4272 1469 4355 produ·

208 4398 278 4441 cere
303 4400 375 4441 cum
400 4381 598 4460 Hermanko,
623 4381 775 4442 Sanclino
812 4394 842 4440 et
866 4380 1043 4441 Peterkone
1068 4392 1177 4441 contra
1210 4380 1343 4440 Piukam
1375 4399 1471 4462 super

208 4482 292 4546 Iacto
316 4486 476 4569 vituperii.

313 4591 390 4652 Item
421 4591 552 4673 Dragilo
584 4604 615 4653 et
646 4592 756 4652 Maren
788 4605 897 4653 contra
930 4591 1130 4653 Demetrium
1162 4591 1267 4672 primo
1292 4589 1378 4652 citati
1403 4609 1468 4652 non

209 4711 468 4780 comparuerunt.

313 4803 392 4866 Item
416 4804 591 4866 Markettus
615 4817 723 4864 contra
747 4804 902 4865 Iacobum
927 4803 1032 4887 primo
1053 4803 1166 4864 citatus
1190 4822 1254 4863 non
1280 4801 1469 4884 comparuit.
