3488 5250
267 305 330 371 ²90
681 291 767 348 Asso
790 288 881 367 1363.
904 318 947 333 -k
968 297 999 367 7.
1014 290 1101 367 sulii.

265 499 406 562 hominis
430 499 529 582 ipsius
562 499 796 576 dominipetri
828 498 1040 561 inaridabitur
1069 500 1121 561 vel
1147 514 1234 578 non,
1265 500 1457 581 judicabitur
1481 520 1529 562 se·

257 605 407 668 cundum
433 604 520 686 qnod
545 605 721 687 apparebit.

371 711 449 772 Item
483 711 621 773 Jacobus
653 710 956 773 Vrbanicheonna
988 709 1167 772 iohannem
1200 709 1359 773 Vidonich
1391 710 1431 772 sd
1455 724 1530 773 octo

255 818 334 879 dies
357 817 476 898 recepit
499 817 672 878 terminum
697 817 738 878 ad
762 815 1034 906 respondendum.

370 923 448 985 Item
473 923 731 985 Lehcuruualdar
753 923 859 1006 primo
883 923 997 984 citatus
1024 936 1134 984 contra
1158 921 1319 984 Perwsam
1351 941 1417 983 non
1440 941 1529 984 com-

256 1030 380 1114 paruit.

370 1135 448 1197 Item
472 1123 618 1195 Andreas
642 1133 756 1195 Pulani
780 1133 943 1216 quendam
958 1135 1176 1216 iobagionem,
1201 1152 1298 1215 quem
1322 1147 1432 1196 contra
1449 1134 1527 1195 Pasa

265 1240 368 1304 filium
393 1241 491 1303 Blasii
517 1242 549 1303 in
567 1241 737 1323 ,presencia
754 1240 861 1302 Petres
884 1239 978 1322 jurati
995 1254 1132 1303 statuere
1145 1240 1186 1302 ad
1202 1239 1359 1322 justiciam
1383 1259 1529 1322 assump-

264 1362 357 1426 serat,
382 1366 446 1408 non
472 1346 581 1408 statuit
604 1365 663 1408 nec
687 1346 876 1429 comparuit.

369 1453 447 1514 item
483 1451 608 1514 Jursich
642 1452 748 1535 primo
779 1452 893 1514 citatus
927 1465 1036 1514 contra
1072 1450 1227 1513 Mathism
1258 1452 1420 1514 literatum
1462 1470 1528 1512 non

264 1558 453 1641 comparuit.

330 1760 425 1844 Nota,
454 1759 538 1831 feria
567 1766 666 1829 sexta
693 1759 850 1846 proxima
877 1765 955 1829 ante
987 1757 1110 1829 festam
1136 1758 1248 1828 sancti
1275 1756 1455 1829 Benedicti.

813 1918 853 1987 U·
883 1909 978 1987 jau).

370 2051 448 2114 item
473 2064 587 2113 octavo
612 2046 663 2112 die
688 2049 796 2112 Petres
819 2063 929 2111 contra
946 2049 1120 2111 Martinam
1145 2047 1326 2111 carnificem
1350 2069 1407 2132 per
1427 2045 1527 2112 Nico·

263 2157 349 2218 laum
370 2156 504 2219 ‘Jurizlsi
530 2148 768 2218 et'hdichaelem
791 2155 1012 2217 testimonium
1029 2174 1124 2238 super
1148 2174 1198 2234 eo,
1215 2154 1304 2237 quod
1327 2174 1437 2217 carnes
1453 2174 1527 2217 suas

262 2284 335 2327 cum
358 2280 414 2325 sua
438 2262 630 2325 verecundia
654 2262 864 2323 demactasset
886 2261 1107 2323 testimonium
1131 2260 1297 2342 producet.

356 2359 444 2432 'Item
470 2389 564 2432 causa
589 2389 651 2451 que
675 2368 807 2430 vertitur
838 2368 920 2430 inter
943 2367 1089 2429 Jskmsm
1121 2380 1152 2430 et
1174 2366 1353 2430 iohannem
1386 2366 1426 2428 ad
1452 2381 1526 2429 octo

262 2477 330 2539 dies
355 2476 464 2539 estad
489 2494 601 2557 pacem
625 2487 806 2556 prorogata.
1507 2536 1510 2540 ,

270 2636 271 2640 ,
358 2574 446 2643 ‘Item
469 2594 583 2643 octavo
607 2579 660 2640 die
685 2578 823 2641 Michacl
847 2578 1036 2662 Pintikachy
1061 2593 1170 2640 contra
1188 2576 1371 2640 Krawturm
1394 2598 1450 2661 per
1468 2578 1527 2640 do·

261 2689 386 2750 minum
411 2686 547 2770 Mykech
571 2686 732 2747 Francisci
757 2698 788 2747 et
817 2685 958 2746 Cussech
989 2685 1210 2746 testimonium
1242 2697 1338 2766 super
1360 2684 1526 2767 vituperiis

260 2792 427 2876 producet.

356 2897 443 2959 ¹item
469 2915 562 2958 causa
586 2915 650 2978 que
672 2888 1033 2958 vertitur'inter‘Eiism
1057 2909 1088 2957 et
1112 2895 1292 2957 iohannem
1316 2894 1423 2957 estad
1450 2908 1524 2957 octo

260 3002 330 3065 dies
349 3003 394 3064 ‘ad
417 3021 530 3086 pacem
553 3015 735 3085 prorogata.

367 3109 445 3170 item
469 3107 633 3170 Johannes
656 3108 812 3169 litteratus
837 3121 946 3169 contra
977 3109 1126 3169 abbatem
1150 3106 1191 3169 ad
1215 3120 1288 3170 octo
1313 3107 1382 3168 dies
1405 3107 1526 3189 recepit

251 3215 434 3277 'terminum
459 3213 498 3274 ad
523 3213 794 3296 respondendum.

367 3318 443 3379 Item
470 3317 607 3379 Michael
638 3316 727 3379 faber
759 3331 869 3379 contra
893 3337 943 3379 ser
972 3317 1132 3379 Marinum
1159 3316 1259 3400 Gorgi
1282 3318 1388 3400 primo
1411 3317 1526 3380 citatus

258 3442 325 3486 non
352 3424 541 3506 comparuit.

367 3529 446 3591 item
467 3540 589 3591 'octavo
612 3528 666 3590 die
697 3529 844 3591 Thomas
874 3544 1010 3610 magnus
1041 3542 1151 3592 contra
1183 3529 1313 3592 Lakach
1341 3548 1399 3613 per
1423 3531 1523 3593 Bene·

257 3635 381 3698 dictum
407 3635 504 3696 Pruin
530 3649 560 3696 et
585 3634 720 3695 Paulum
751 3648 893 3695 sutorem
924 3654 1019 3716 super
1043 3655 1099 3696 sua
1132 3635 1357 3697 cruentatione
1378 3635 1524 3698 testimo·

259 3741 349 3803 nium
371 3741 548 3823 producere
573 3740 684 3817 debet3
705 3758 763 3821 pto
779 3741 850 3823 ipso
874 3757 950 3803 vero
969 3742 1146 3804 Laurencio
1164 3741 1335 3805 fideiubuit
1352 3742 1522 3805 'iohannes

250 3847 494 3928 stipendiarius.
710 3834 723 3859 ⁸

364 3951 440 4013 item
452 3950 596 4012 Thomas
605 3953 747 4013 literatus
755 3967 943 4035 procurator
958 3952 1174 4014 archidiaconi
1187 3952 1392 4015 dubichensis
1408 3967 1521 4018 contra

247 4057 427 4118 Mortonos
441 4057 635 4137 scilipa‘rum
660 4057 700 4118 ad
723 4072 797 4120 octo
820 4057 890 4119 dies
910 4058 1029 4140 recepit
1052 4059 1224 4121 terminum
1249 4060 1477 4141 respondendi.

364 4162 442 4223 Item
467 4162 604 4224 Michsel
629 4161 713 4224 filius
735 4163 781 4225 St.
806 4161 919 4243 judicis
943 4176 1053 4226 contra
1070 4165 1203 4226 Ztsnam
1227 4165 1268 4226 ad
1292 4180 1365 4229 octo
1388 4166 1458 4229 dies
1472 4187 1522 4231 re·

255 4268 344 4349 cepit
366 4268 538 4330 terminum
564 4268 791 4350 respondendi.

351 4361 442 4449 'item
464 4386 580 4435 octavo
604 4373 656 4434 die
681 4374 793 4436 Petrus
813 4373 898 4436 filius
921 4371 1039 4436 Donati
1057 4387 1167 4437 contra
1184 4374 1313 4437 Petrum
1337 4376 1523 4459 Sectak-per

254 4480 419 4541 Andream
446 4479 580 4542 Teticba
605 4494 637 4543 et
653 4481 852 4543 Demetrium
878 4481 982 4563 Brayn
999 4481 1220 4543 testimonium
1236 4501 1332 4564 super
1355 4482 1523 4565 vituperiis

245 4584 422 4666 ,producet

349 4689 441 4752 -Item
465 4691 551 4754 idam
574 4691 722 4754 -Thomas
744 4693 965 4775 procuratorio
989 4693 1122 4756 nomine
1138 4693 1283 4776 predicto
1306 4707 1415 4757 contra
1432 4693 1521 4758 Bric-

250 4793 342 4856 cium
367 4795 408 4856 ad
432 4810 505 4859 octo
529 4797 598 4859 dies
622 4798 741 4881 recepit
763 4799 936 4862 terminum
961 4799 1188 4882 respondendi.
