3488 5250
171 538 174 545 ’
253 544 366 607 litteris
389 562 484 625 super
507 543 601 605 certis
624 558 783 605 certorum
808 541 924 603 debitis
946 554 993 602 est
1020 540 1168 623 spoliata,
1192 538 1265 600 ideo
1288 539 1314 601 si
1335 537 1516 620 aliquando

253 649 439 713 huiusmodi
470 649 590 711 litteras
619 668 676 721 seu
707 649 817 728 alique
848 646 1034 709 earumdem
1065 658 1196 728 possent
1226 643 1375 724 inveniri,
1398 643 1459 705 sibi
1482 643 1516 705 in

197 837 202 846 Ι
253 755 395 837 ipsorum
420 753 637 837 acquisicione
659 753 828 816 silencium
852 771 917 815 non
930 753 1115 834 imponatur
1139 770 1198 813 nec
1223 751 1291 834 ipse
1315 751 1419 813 littere
1442 769 1517 832 pos·

250 861 316 922 sint
337 861 510 923 rensctari.

359 965 437 1029 ltetn
461 979 576 1027 octavo
600 964 652 1026 die
680 965 828 1048 Volynua
860 961 948 1026 faber
972 976 1081 1026 contra
1106 963 1236 1024 Petrum
1263 961 1373 1024 Seatalr
1405 981 1438 1024 se
1468 982 1517 1023 se·

252 1072 376 1133 cundus
388 1071 516 1151 jurabit,
528 1070 616 1152 quod
629 1070 843 1153 pronomine,
857 1087 954 1151 quem
969 1068 1036 1151 ipae
1051 1068 1188 1146 dicebat,
1201 1086 1267 1128 non
1283 1065 1513 1131 fideiubuisset.

359 1176 437 1240 ltem
461 1156 538 1240 luan
562 1176 604 1238 ad
627 1177 793 1239 accionem
817 1175 862 1240 St.
893 1173 950 1238 filii
975 1174 1135 1236 Bratozlai
1167 1186 1292 1237 tenetur
1314 1174 1410 1236 tercie
1437 1172 1514 1236 feria

253 1283 459 1366 respondere.

358 1388 436 1449 ltem
461 1385 538 1449 feria
561 1388 657 1451 tercia
682 1386 811 1449 Cussilo
834 1406 931 1469 preco
955 1399 1065 1448 contra
1088 1385 1259 1447 Nicolaum
1284 1385 1443 1447 decanum
1467 1404 1515 1446 re·

252 1494 435 1576 spondebit.

359 1598 437 1661 ltem
462 1597 631 1659 Bratenich
647 1611 757 1659 contra
775 1595 969 1679 Gregoriutn
986 1599 1091 1680 primo
1107 1599 1220 1661 citatus
1235 1617 1302 1660 non
1325 1594 1514 1678 comparuit.

359 1705 436 1766 ltem
461 1703 624 1784 lurglinus
646 1700 777 1784 pellifex
801 1703 943 1764 secundo
967 1703 1080 1765 citatus
1108 1717 1216 1766 contra
1242 1704 1316 1764 Kun
1338 1720 1403 1763 non
1428 1719 1515 1762 com-

253 1812 368 1894 paruit.

359 1917 436 1979 ltem
461 1930 575 1978 octavo
599 1914 651 1975 die
668 1914 791 1996 Symon
808 1912 948 1976 carnifex
972 1929 1082 1977 contra
1098 1915 1258 1977 Briccium
1281 1913 1409 1992 iurabit,
1426 1912 1515 1995 quod

253 2020 334 2103 pulli
361 2021 410 2081 sui
441 2040 494 2081 sex
525 2018 565 2080 ad
598 2019 718 2080 curiam
749 2038 840 2080 suarn
871 2020 1050 2100 volumem,
1080 2039 1163 2101 quos
1193 2019 1260 2102 ipae
1291 2019 1432 2081 Briccius
1454 2018 1514 2080 sibi

254 2127 377 2203 solvet3
401 2139 433 2188 et
454 2124 585 2187 tandem
610 2123 662 2186 die
687 2124 802 2187 eodem
827 2125 944 2187 iurabit
973 2125 1040 2207 ipse
1063 2126 1099 2189 B.
1124 2125 1213 2207 quod
1245 2144 1304 2187 nec
1328 2125 1433 2207 ipsum
1456 2143 1516 2186 nec

255 2250 389 2292 uxorem
420 2249 510 2292 suam
542 2230 768 2311 vituperasset;
801 2231 930 2311 etquis
961 2244 1008 2293 ter
1039 2231 1154 2294 citatus
1183 2250 1249 2293 non
1279 2230 1458 2312 comparuit
1482 2230 1515 2291 in

252 2337 380 2400 duobus
403 2335 530 2418 judiciis
553 2335 715 2399 remansit.

358 2442 436 2503 ltem
472 2439 549 2503 seria
584 2441 682 2502 tercia
716 2440 878 2503 lohannes
912 2441 1000 2503 faber
1035 2456 1145 2504 contra
1181 2442 1324 2504 relictam
1364 2440 1514 2504 Damiani

253 2548 397 2612 wacchar
412 2567 469 2630 per
489 2548 631 2627 Petrum,
654 2547 729 2609 Jaxe
753 2559 784 2610 et
803 2547 982 2610 Fabianum
1005 2561 1159 2610 sartorem
1175 2549 1396 2610 testimonium
1419 2565 1514 2629 super

253 2673 304 2732 eo,
328 2654 416 2736 quod
442 2654 510 2737 ipsa
533 2672 591 2735 pro
607 2653 678 2715 viro
701 2672 759 2715 suo
782 2653 815 2714 in
839 2667 925 2716 certa
940 2655 1076 2736 pecunie
1092 2655 1269 2736 quantitate
1292 2652 1514 2716 fideiubuieset

252 2759 472 2820 testimonium
496 2759 661 2840 producet.

357 2863 435 2925 ltem
452 2863 589 2926 lancech
606 2878 716 2926 contra
733 2863 836 2926 filium
852 2864 973 2927 Vrbani
989 2865 1094 2947 primo
1112 2865 1225 2927 citatus
1241 2885 1306 2928 non
1324 2865 1512 2947 comparuit.

360 2970 438 3032 ltem
462 2989 556 3033 causa
579 2969 800 3053 filiiMeltyne
834 2984 866 3033 et
890 2971 965 3032 Moz
987 2971 1028 3033 ad
1051 2986 1125 3033 octo
1149 2971 1219 3032 dies
1242 2985 1288 3034 est
1311 2971 1448 3034 deducta
1472 2969 1512 3032 ad

252 3096 375 3158 pacem.

358 3181 435 3243 ltem
459 3181 533 3243 licet
564 3182 694 3264 Mathey
724 3198 812 3243 sutor
842 3182 988 3264 Stepsam
1012 3183 1166 3263 citaverit,
1196 3198 1303 3244 tamen
1335 3202 1401 3245 non
1426 3182 1513 3245 venit

251 3307 310 3351 nec
334 3288 429 3350 misit.

356 3394 434 3454 ltem
459 3412 552 3453 causa
577 3392 725 3454 Todcam
750 3407 781 3454 et
810 3393 976 3455 cuiusdam
1008 3394 1085 3456 luan
1109 3394 1151 3456 ad
1182 3392 1294 3456 feriam
1317 3394 1448 3456 terciam
1471 3393 1512 3455 ad

250 3500 444 3562 relacionem
467 3497 777 3580 architriclynorum‚
804 3500 829 3560 si
853 3513 957 3580 partes
984 3519 1051 3562 non
1081 3500 1335 3578 concordabunt,
1364 3511 1411 3562 est
1436 3518 1509 3581 pro·

251 3620 371 3686 rogata.

356 3711 434 3773 ltem
458 3725 572 3772 octavo
595 3710 648 3772 die
673 3710 859 3793 Leypoldus
879 3725 988 3774 contra
1014 3712 1187 3773 Krauturm
1204 3731 1260 3794 per
1284 3711 1460 3774 Parlerium
1480 3724 1510 3773 et

252 3817 427 3899 Tyerniam
453 3816 672 3877 testimonium
696 3836 790 3897 super
814 3817 980 3899 vituperiis
1003 3816 1167 3900 producet.

356 3923 434 3984 ltem
459 3920 537 3983 feria
562 3923 658 3984 tercia
673 3922 819 3985 Thomas
842 3937 952 3985 contra
977 3923 1085 3984 Patres
1107 3922 1235 4004 jurabit,
1258 3923 1346 4005 quod
1369 3924 1415 3985 nil
1440 3924 1512 4006 plus

251 4029 310 4089 nisi
335 4043 491 4089 tercentas
515 4048 612 4089 venas
636 4026 815 4110 recepisset.

357 4134 435 4195 ltem
459 4147 572 4196 octavo
603 4134 656 4195 die
687 4133 771 4196 iilius
803 4135 900 4196 Blasii
926 4134 1058 4217 Herlryn
1090 4134 1285 4196 duodecimo
1309 4156 1343 4198 se
1367 4138 1511 4219 personis

250 4254 360 4302 contra
384 4239 523 4319 judicem
547 4259 642 4321 super
666 4259 716 4318 eo,
733 4240 822 4321 quod
845 4259 958 4302 oreum
974 4259 1069 4301 suurn
1092 4257 1157 4301 non
1176 4240 1369 4304 incendisset
1384 4241 1512 4322 jurabit

356 4345 435 4407 ltem
458 4345 573 4408 Radlto
596 4361 707 4408 contra
730 4346 930 4408 Lulrachium
962 4359 1076 4408 octavo
1100 4347 1152 4408 die
1183 4367 1218 4410 se
1244 4348 1360 4410 tercius
1383 4348 1511 4430 jurabit,

250 4452 340 4533 quod
363 4453 445 4533 patri
469 4471 529 4513 suo
552 4473 618 4515 non
641 4466 785 4515 teneatur
817 4453 843 4514 ll
867 4455 1021 4532 florenos,
1051 4473 1111 4515 nec
1133 4453 1267 4534 aliquod
1300 4454 1425 4517 lucrum
1457 4455 1511 4517 ha·

251 4557 365 4618 buerit.

356 4663 434 4726 ltem
459 4683 553 4727 cansa
576 4663 795 4745 juramentalis
811 4666 1026 4747 deposicionis
1047 4667 1155 4729 Petres
1177 4668 1218 4729 ad
1242 4665 1355 4729 leriam
1378 4667 1509 4730 terciam

251 4780 300 4830 est
322 4784 501 4851 prorogata.
