3488 5250
621 331 711 388 Anno
733 326 823 406 1356.
847 360 888 370 —
913 325 963 388 16.
987 329 1113 402 augusti.
1454 329 1493 409 63

340 539 418 600 Item
451 539 563 600 Petrus
594 538 633 599 de
666 537 799 600 Rabuch
832 551 946 599 octavo
971 537 1022 598 die
1053 550 1180 599 tenetur
1210 536 1334 598 solvere
1361 537 1495 599 Nicolao

234 645 302 709 filio
327 645 493 707 Benedicti
518 645 543 705 II
569 664 692 727 pensas.

341 751 420 813 Item
457 751 570 812 Petrus
602 749 740 811 carnifex
769 763 878 811 contra
911 751 1041 812 Petrum
1072 748 1175 811 filium
1208 749 1362 812 Valterini
1393 749 1497 831 primo

234 857 348 918 citatus
371 876 435 917 non
461 856 650 937 comparuit.

234 1054 331 1129 Feria
359 1065 456 1128 sexta
477 1057 632 1144 proxima
660 1063 737 1128 ante
756 1056 879 1128 festum
900 1056 1151 1147 AssumpcionIs
1179 1058 1322 1145 virginis
1341 1057 1497 1144 gloriose

750 1190 811 1264 (12.
836 1190 979 1264 augusti).

339 1331 448 1393 Primo
472 1331 512 1391 N.
537 1329 668 1391 Kordek
692 1343 802 1391 contra
826 1330 969 1392 relictam
987 1329 1139 1393 Gerdone
1165 1330 1270 1412 primo
1295 1329 1408 1392 citatus
1431 1348 1497 1391 non

235 1437 425 1520 comparuit.

341 1544 418 1605 Item
445 1542 489 1603 M.
513 1540 596 1602 filius
621 1541 782 1603 Leunardi
807 1561 843 1602 ac
868 1540 1029 1602 Johannes
1059 1539 1167 1602 Ordus
1189 1541 1286 1603 tercia
1311 1539 1389 1602 feria
1412 1558 1497 1602 nunc

233 1650 379 1733 proxime
403 1661 536 1709 ventura
569 1646 774 1709 concordiam
799 1647 881 1708 inter
904 1645 1041 1726 Artuigh
1071 1660 1103 1707 et
1133 1646 1289 1708 nutricem
1319 1665 1411 1707 suam
1435 1643 1497 1707 Iac-

233 1771 300 1818 tam
323 1756 391 1817 siue
416 1753 574 1815 dilacione
598 1765 748 1815 tenentur
771 1772 878 1814 coram
903 1752 997 1814 nobis
1020 1753 1161 1814 recitare.

341 1862 419 1922 Item
444 1879 525 1921 uxor
541 1858 670 1921 Crizani
695 1872 806 1921 contra
823 1859 849 1920 J.
867 1857 974 1920 Ordus
998 1858 1104 1939 primo
1121 1859 1214 1920 citata
1228 1878 1292 1920 non
1308 1859 1497 1941 comparuit.

341 1966 419 2028 Item
445 1965 586 2026 Briccius
617 1978 727 2027 contra
759 1965 916 2027 Iacobum
946 1964 1051 2046 primo
1076 1965 1190 2027 citatus
1218 1984 1284 2026 non
1309 1964 1498 2047 comparuit.

340 2072 418 2133 Item
429 2070 551 2150 Chegel
562 2084 672 2132 contra
682 2070 758 2132 Iuan
768 2070 977 2152 cirologicum
988 2071 1092 2152 primo
1105 2071 1219 2133 citatus
1232 2089 1298 2131 non
1309 2070 1498 2151 comparuit.

341 2177 419 2239 Item
443 2179 538 2237 Anna
562 2189 671 2238 contra
689 2176 854 2238 domInam
879 2194 1012 2237 uxorem
1030 2175 1167 2238 Bartuch
1191 2175 1295 2259 primo
1322 2176 1416 2239 citata
1432 2195 1498 2237 non

236 2280 425 2364 comparuit.

341 2388 419 2450 Item
444 2388 548 2450 Katha
577 2402 691 2451 octavo
716 2388 767 2449 die
793 2402 901 2451 contra
927 2389 1066 2450 Malkam
1099 2402 1226 2450 tenetur
1250 2388 1454 2470 respondere.

342 2494 420 2555 Item
446 2493 595 2572 Iohanni,
627 2492 694 2555 filio
727 2494 908 2573 LaurenciI,
941 2495 1046 2556 Vanse
1070 2495 1095 2555 si
1120 2493 1159 2555 ad
1192 2508 1265 2556 octo
1290 2494 1358 2555 dies
1383 2493 1499 2555 volun-

236 2612 336 2661 tatem
356 2599 504 2694 invenire
528 2600 656 2681 poterit,
681 2601 763 2661 bene
795 2599 939 2680 quidem,
972 2599 1116 2682 alioquin
1149 2600 1307 2663 iusticiam
1338 2600 1421 2681 porti
1444 2599 1498 2661 nd-

236 2724 326 2766 verse
350 2703 467 2766 facient
491 2705 530 2766 de
556 2705 682 2767 eodem.

343 2809 421 2871 Item
447 2829 540 2871 causa
566 2810 592 2872 J.
616 2809 674 2871 fiIii
706 2809 875 2873 Laurencii
908 2824 939 2871 et
963 2810 1055 2872 Pauli
1088 2824 1135 2872 est
1156 2827 1328 2893 prorogata
1360 2812 1400 2874 ad
1425 2826 1498 2874 octo

236 2913 315 2993 dies,
339 2916 364 2976 si
387 2928 492 2996 partes
517 2915 625 2977 medio
649 2928 794 2998 ternpore
818 2935 883 2977 non
907 2929 1057 2997 poterunt
1081 2917 1285 2980 concordare.

340 3020 418 3081 Item
436 3020 522 3081 Mike
547 3021 748 3082 Bremennalr
774 3035 883 3083 contra
908 3021 1083 3083 Martinum
1108 3022 1232 3104 Reynin
1257 3023 1361 3103 primo
1386 3022 1498 3084 citatus

235 3146 300 3188 non
327 3127 516 3207 comparuit.

340 3232 418 3292 Item
452 3230 613 3293 Iohannes
644 3230 729 3294 filius
760 3231 933 3311 ChristIne,
964 3246 998 3293 ut
1030 3247 1128 3312 actor,
1163 3247 1278 3295 octavo
1310 3232 1363 3294 die
1388 3248 1499 3295 contra

236 3337 351 3418 Artuig
376 3351 440 3398 met
464 3350 570 3398 sextus
594 3336 773 3418 juramento
799 3337 959 3399 mediante
983 3351 1110 3400 tenetur
1133 3359 1166 3399 se
1191 3357 1377 3421 expurgare.

342 3442 420 3503 Item
445 3443 484 3505 N.
510 3441 649 3504 frenator
673 3455 783 3504 contra
807 3443 936 3504 Petrum
956 3444 1148 3525 Hungarum
1172 3444 1277 3526 primo
1303 3443 1416 3505 citatus
1432 3463 1498 3506 non

236 3548 424 3629 comparuit.

342 3655 419 3715 Item
446 3654 608 3716 Iohannes
631 3656 769 3737 piscator
793 3670 906 3717 octavo
938 3656 990 3717 die
1014 3676 1071 3738 per
1095 3655 1237 3717 Blasium
1263 3670 1294 3717 et
1319 3655 1498 3717 Fabianum

236 3774 345 3822 contro
371 3760 502 3842 Endrey
525 3774 650 3823 tenetur
675 3776 860 3843 protestare.

341 3866 418 3926 Item
443 3867 482 3927 N.
508 3865 591 3927 filius
616 3865 698 3928 Ozel
723 3882 833 3929 contra
858 3867 1028 3928 luaninum
1056 3886 1230 3949 preconem
1256 3868 1362 3950 primo
1386 3868 1499 3930 citatus

236 3991 300 4032 non
327 3973 515 4054 comparuit.

341 4077 418 4139 Item
446 4077 562 4158 Gunga
580 4077 807 4156 Guantaricha,
823 4092 859 4141 ut
879 4093 976 4157 actor,
1001 4092 1111 4140 contra
1129 4080 1166 4142 N.
1191 4077 1294 4141 filium
1312 4079 1416 4161 BoIog
1432 4099 1498 4141 non

238 4196 325 4244 venrt
348 4203 406 4244 nec
431 4184 526 4247 misit.

234 4380 332 4455 Feria
359 4386 467 4456 terna
492 4387 647 4473 proxima
665 4388 882 4474 postrenum
902 4389 1154 4473 Assumpcionis
1178 4389 1322 4474 virginis
1341 4386 1497 4474 gloriose.

752 4517 817 4593 (16.
842 4523 980 4594 augusti).

342 4657 420 4719 Item
445 4663 538 4719 Anna
563 4679 642 4720 uxor
666 4661 703 4722 N.
728 4673 837 4720 contro
870 4660 1007 4722 Bartuch
1032 4660 1072 4722 ad
1096 4673 1170 4721 octo
1200 4659 1268 4721 dies
1294 4660 1413 4741 recepit
1435 4674 1496 4721 ter·

236 4762 359 4823 minum
385 4762 424 4823 ad
449 4764 720 4845 respondendum.
