3488 5250
630 324 717 381 Anno
738 320 830 400 1363.
853 357 897 367 -
920 337 968 401 13.
992 324 1121 385 octobris.
1440 341 1502 405 309

312 558 407 643 Nota,
435 559 521 630 feria
548 567 648 631 serta
676 562 830 648 proxima
858 567 934 649 post
962 570 1101 631 octavas
1130 562 1220 631 beati
1248 561 1432 632 Michaelis.

768 712 829 789 (13.
853 713 993 787 octobn's).

348 850 456 912 Primo
480 869 574 912 causa
598 854 692 912 Anne
724 863 755 912 et
786 850 963 934 Elyzabeth
994 865 1041 912 est
1064 851 1104 912 ad
1136 863 1209 913 octo
1234 851 1301 912 dies
1332 865 1503 933 prorogata

242 955 282 1016 ad
305 974 427 1037 pacem.

347 1059 425 1121 Item
451 1061 609 1123 Heuricus
644 1061 773 1145 pellifex
805 1078 915 1125 contre
938 1061 1109 1124 Nicolaum
1141 1063 1334 1144 organistam
1367 1062 1407 1123 ad
1431 1076 1504 1124 octo

242 1164 311 1227 dies
332 1166 507 1228 terminum
532 1167 651 1249 recepit
674 1167 901 1249 respondendi.

352 1271 428 1333 ltem
467 1270 546 1333 feria
580 1272 675 1335 tercia
711 1272 847 1335 luchech
877 1286 986 1335 contra
1018 1272 1197 1336 Johannem
1228 1293 1285 1355 per
1316 1272 1505 1356 Georgium,

243 1375 385 1438 Blasium
411 1390 441 1438 et
458 1376 638 1439 Johannem
654 1378 875 1441 testimonium
900 1378 1072 1461 producet;
1089 1394 1218 1441 econtra
1235 1380 1320 1441 idem
1344 1379 1505 1443 Johannes

244 1495 354 1543 contra
379 1482 484 1564 ipsum
507 1482 642 1544 luchech
667 1503 723 1565 per
738 1487 852 1545 Annos
869 1496 900 1546 et
923 1483 1097 1565 quamdam
1114 1485 1309 1567 penesticam
1327 1484 1366 1546 de
1383 1484 1503 1567 luangh

243 1587 391 1649 similiter
414 1588 635 1650 testimonium
662 1589 828 1669 producet.

349 1692 427 1755 Item
451 1706 564 1755 octavo
589 1693 641 1755 die
672 1694 870 1757 Laurencius
901 1695 1119 1777 carpentarius
1141 1714 1197 1777 per
1229 1695 1421 1779 Dyonisium
1453 1715 1504 1757 su-

243 1813 346 1860 torem
370 1812 402 1860 et
425 1798 615 1861 Cusilonem
639 1819 810 1882 preconem
835 1814 944 1864 contra
962 1800 1178 1882 Dampianum
1196 1815 1338 1863 sutorem
1361 1802 1504 1863 testimo·

244 1904 334 1965 nium
357 1904 524 1986 producet.

350 2010 427 2072 Item
460 2030 553 2072 causa
585 2012 693 2073 relicte
725 2012 811 2074 Bene
843 2025 954 2074 contra
986 2030 1119 2073 uxorem
1152 2012 1262 2073 Maren
1291 2025 1337 2073 est
1367 2011 1505 2074 edocto

245 2115 313 2176 dies
337 2115 377 2177 ad
401 2135 512 2199 pacem
537 2131 717 2198 prorogata.

351 2221 429 2284 Item
454 2241 547 2285 causa
567 2222 786 2303 juramentalis
803 2223 1018 2306 deposicionis
1040 2221 1171 2305 Gyurak
1188 2234 1297 2284 contra
1321 2221 1505 2302 Dragouam

245 2328 284 2389 de
309 2329 474 2390 voluntate
498 2329 597 2410 ipsius
614 2329 764 2410 Dragona
789 2343 835 2392 eat
858 2328 988 2391 edocto
1013 2328 1081 2390 dies
1103 2328 1144 2389 ad
1165 2347 1275 2410 pacem
1301 2327 1455 2405 deducta3
1474 2340 1506 2390 et

244 2434 306 2495 alia
331 2454 424 2496 causa
448 2434 546 2517 ipsius
570 2433 720 2516 Dragona
744 2434 997 2496 contradictum
1023 2432 1153 2516 Gyurak
1178 2433 1334 2495 similiter.

352 2540 431 2601 Item
455 2540 572 2602 Paulus
594 2540 702 2602 wzdar
729 2553 838 2602 contra
855 2539 951 2601 iuech
967 2540 1072 2622 primo
1096 2539 1208 2601 citatus
1224 2557 1289 2600 non
1314 2538 1503 2621 comparuit.

350 2645 429 2708 item
454 2646 575 2708 Trmha
608 2660 716 2709 contra
739 2645 841 2708 filium
867 2646 955 2729 Syuk
983 2646 1087 2728 primo
1110 2646 1203 2707 citata
1228 2663 1293 2705 non
1315 2645 1503 2726 comparuit.

351 2751 428 2814 item
454 2752 486 2813 in
510 2752 683 2833 quindenis
705 2753 815 2814 Maren
844 2765 954 2813 contre
978 2751 1085 2812 Endre
1117 2770 1211 2832 super
1243 2769 1293 2829 eo,
1317 2749 1405 2830 quod
1430 2769 1504 2812 eum

245 2877 308 2919 non
334 2857 534 2938 percusserit,
558 2857 773 2939 juramentum
798 2857 948 2939 deponet.

353 2961 431 3024 ltem
456 2963 530 3044 quia
556 2963 674 3024 Paulus
697 2963 808 3044 Vrdug
841 2962 1012 3044 quendam·
1035 2980 1168 3042 porcum
1199 2981 1293 3023 suum
1317 2980 1373 3044 per
1403 2959 1504 3022 filium

245 3068 415 3130 Laurencii
439 3069 578 3130 Verdich
603 3067 804 3130 interiectum
821 3067 941 3130 efficaci
965 3067 1151 3129 testimonio
1175 3067 1408 3150 comprobavit,
1433 3067 1506 3129 ideo

247 3187 362 3235 octavo
386 3175 439 3236 die
463 3174 612 3255 quitquid
637 3174 723 3235 idem
742 3173 859 3235 Paulus
882 3172 945 3234 fide
969 3192 1026 3233 sua
1042 3172 1203 3234 mediante
1227 3173 1347 3234 dictum
1372 3192 1506 3254 porcum

245 3279 350 3341 valere
374 3279 608 3362 comprobabit,
632 3279 710 3340 dum
742 3280 845 3360 ipsum
878 3277 979 3340 filiurn
1013 3278 1180 3339 Laurencii
1212 3277 1355 3339 invenire
1379 3277 1506 3358 poterit,

245 3384 446 3446 solucionem
471 3383 576 3446 eidem
601 3385 823 3466 inpendemus.

352 3489 429 3551 Item
455 3509 549 3551 causa
573 3490 696 3551 domini
729 3490 870 3572 episcopi
904 3490 1118 3571 zagrabiensis
1141 3502 1250 3551 contra
1283 3486 1366 3549 filios
1390 3487 1506 3568 Angeli

246 3609 345 3674 mota,
370 3595 401 3656 in
426 3615 465 3657 eo
489 3606 572 3656 statu
596 3595 628 3656 in
645 3614 711 3676 quo
728 3615 812 3657 nunc
830 3596 934 3658 existit
962 3595 1001 3656 ad
1019 3595 1265 3677 requisicionem
1283 3593 1406 3654 domini
1425 3594 1508 3674 regis

245 3701 323 3783 quid
347 3721 406 3762 nos
431 3701 462 3762 in
487 3721 523 3762 ec
548 3699 651 3763 iecere
676 3701 825 3778 iubuerit,
850 3715 897 3763 est
921 3714 1101 3782 prorogata.

351 3807 429 3868 Item
464 3804 623 3888 Georgius
655 3820 763 3867 contra
795 3807 871 3867 Iuan
904 3807 944 3867 ad
976 3820 1049 3868 octo
1084 3806 1152 3866 dies
1183 3805 1356 3866 terminum
1387 3804 1507 3885 recepit

246 3912 471 3995 respondendi.

353 4018 430 4079 ltem
455 4037 548 4078 causa
573 4016 669 4078 luene
694 4032 725 4079 et
749 4018 856 4079 uxoris
879 4018 989 4079 Maren
1014 4018 1054 4078 ad
1076 4030 1149 4077 octo
1172 4016 1241 4076 dies
1265 4034 1321 4096 per
1343 4029 1438 4077 testes
1463 4029 1508 4076 est

247 4125 286 4185 ad
312 4144 422 4206 pacem
448 4135 628 4204 prorogata.

351 4230 430 4292 Item
466 4230 590 4312 Ztoyko
622 4229 726 4311 primo
757 4230 870 4291 citatus
905 4241 1014 4291 contra
1045 4228 1225 4290 Johannem
1256 4240 1410 4287 sartorem
1442 4245 1507 4288 non

246 4336 435 4418 comperuit.

352 4442 430 4503 Item
454 4460 547 4502 causa
573 4440 697 4501 Nicolei
722 4439 835 4519 judicis
855 4455 966 4503 contra
990 4441 1096 4501 Endre
1114 4439 1154 4502 ad
1179 4438 1290 4501 feriam
1314 4438 1446 4499 terciam
1463 4452 1509 4499 est

247 4563 427 4632 prorogata.

353 4654 432 4717 Item
464 4655 575 4716 Petrus
606 4653 714 4714 wzdar
750 4666 859 4714 contra
891 4652 1083 4714 Michaelem
1122 4650 1264 4713 secundo
1296 4651 1409 4711 citatus
1443 4668 1508 4711 non

248 4761 437 4843 comparuit.
