3488 5250
640 332 834 405 142121121357.
860 362 901 370 -
926 326 977 388 26.
1001 327 1084 386 anitii.
1459 349 1495 408 or

237 538 343 600 eidem
368 538 499 599 domine
516 538 711 613 remanebit;
736 553 843 599 tamen
861 538 1010 619 quitquid
1029 538 1114 599 iuxta
1132 536 1228 599 fidem
1245 557 1337 598 suam
1362 539 1446 599 idem
1473 539 1499 599 J.

235 645 275 705 ad
300 658 425 725 septum
459 645 526 705 eius
558 644 642 705 dicet
671 665 704 704 se
735 643 931 726 expendisse,
956 644 1067 705 eadem
1101 644 1233 705 domina
1264 644 1388 705 solvere
1410 658 1498 706 tene·

237 751 331 811 bitur.
358 750 483 810 Tamen
501 750 605 811 adhuc
629 750 687 810 hec
703 750 904 811 adiudicacio
921 764 967 810 est
984 764 1152 830 prorogata
1171 750 1210 810 ad
1228 749 1498 811 deliberacionem

236 856 485 916 communitatis.

343 962 419 1022 ltem
454 977 568 1023 octavo
592 963 643 1022 die
677 962 854 1023 Martinkus
886 960 969 1021 filius
995 961 1124 1023 Kemini
1157 975 1266 1022 contra
1293 960 1501 1021 Lourandum

237 1087 293 1149 per
319 1068 491 1128 Matrinum
522 1066 623 1128 lilium
655 1068 822 1149 Wlkouoy
853 1067 1073 1127 testimonium
1105 1067 1282 1147 producere
1306 1080 1442 1144 tenetur,
1468 1066 1500 1126 in

236 1192 332 1254 quem
358 1187 471 1233 testem
495 1173 588 1233 ambe
613 1188 718 1254 partes
742 1193 774 1234 se
798 1173 1038 1234 commiserunt.

343 1278 420 1339 ltem
445 1298 538 1339 causa
563 1298 625 1358 que
650 1280 782 1340 vertitur
807 1279 887 1339 inter
912 1279 993 1339 Zore
1025 1292 1056 1339 et
1080 1279 1247 1339 Marenum
1272 1278 1367 1339 Zolar
1391 1277 1431 1338 ad
1456 1276 1501 1338 f·

239 1385 318 1445 riam
343 1385 472 1444 terciam
498 1385 677 1466 proximam
702 1384 741 1444 ad
766 1383 895 1445 finalem
928 1384 996 1445 eius
1021 1385 1216 1445 decisionem
1242 1399 1288 1445 est
1319 1397 1500 1465 prorogata.

344 1489 420 1549 Item
455 1489 571 1549 exstitit
603 1489 785 1550 ordinatum
819 1503 849 1549 et
880 1502 1044 1566 statutum,
1069 1489 1157 1570 quod
1183 1488 1324 1549 forenses
1355 1488 1502 1549 homines

239 1613 304 1655 non
330 1595 451 1676 possint
476 1596 522 1655 sal
539 1595 677 1656 vendere
703 1614 773 1655 cum
792 1594 977 1656 metretellis
991 1615 1048 1677 pro
1066 1595 1198 1656 denario
1223 1595 1274 1654 vel
1298 1613 1356 1676 pro
1373 1593 1501 1655 duobus

238 1699 375 1761 denariis
399 1701 608 1778 currentibus,
641 1701 700 1761 nisi
733 1701 834 1776 civcs;
867 1699 1007 1761 forenses
1037 1721 1113 1762 vero
1146 1720 1218 1762 cum
1251 1702 1409 1762 mensuris
1433 1715 1500 1763 ztar

238 1806 358 1866 vocatis
382 1819 412 1867 et
436 1805 545 1867 medio
569 1806 668 1866 ztario
693 1805 830 1866 vendere
855 1806 1002 1868 debeant.

344 1911 420 1972 ltem
433 1912 540 1972 relicta
553 1911 692 1972 Mladeni
703 1927 810 1972 contra
823 1913 997 1974 Martinum
1007 1913 1112 1994 primo
1121 1913 1213 1973 citata
1226 1931 1292 1973 uon
1309 1913 1498 1994 comparuit.

397 2111 494 2184 Feria
522 2124 620 2184 sexta
650 2117 803 2202 proxima
832 2124 911 2184 ante
940 2115 1059 2185 festum
1090 2114 1341 2186 Penthelrostes.

774 2263 837 2340 (26.
862 2268 952 2341 nrair').

346 2403 453 2464 Primo
479 2404 695 2485 principaliter
720 2405 875 2465 Martinus
908 2406 1029 2487 lleyniz
1063 2420 1171 2466 contra
1204 2404 1361 2466 Gerinum
1385 2418 1500 2465 octavo

239 2510 291 2570 die
315 2530 370 2590 per
395 2510 521 2571 Mikech
546 2509 646 2570 filium
674 2510 845 2589 Leunardi‚
868 2509 1068 2572 Anthonium
1087 2511 1223 2572 condam
1248 2510 1398 2589 judicem,
1416 2511 1499 2571 Mar-

239 2615 340 2676 tinum
367 2615 469 2676 lilium
495 2616 625 2676 Kemini
642 2630 767 2676 tenetur
787 2616 963 2698 producere
980 2617 1198 2678 testimonium
1225 2636 1319 2698 super
1344 2635 1392 2693 e0‚
1410 2614 1499 2697 quod

239 2722 279 2782 ad
292 2722 405 2782 scitum
424 2741 535 2782 eorum
547 2720 711 2782 Nicoletus
727 2722 786 2782 sibi
807 2722 1038 2803 inpignorasset
1055 2723 1308 2783 balneumsuum
1322 2740 1379 2803 pro
1392 2721 1416 2782 L
1430 2720 1499 2782 flor.

345 2827 421 2888 ltem
448 2827 587 2888 ssriccius
611 2841 719 2888 contra
747 2827 926 2904 Dragauam
952 2829 1056 2910 primo
1081 2829 1194 2889 citatus
1218 2848 1283 2889 nou
1308 2827 1497 2909 comparuit.

346 2933 421 2994 ltem
449 2932 600 2993 Mihelich
624 2946 712 2993 sutor
730 2953 785 3014 per
803 2934 972 2994 Nicolaum
990 2949 1020 2995 et
1038 2933 1214 3014 Georgium
1242 2932 1397 2994 Ztaunich
1414 2933 1502 2994 testi·

239 3039 385 3099 monium
410 3039 584 3120 producere
608 3051 734 3099 tenetur
758 3053 872 3100 octavo
897 3039 948 3098 die
973 3053 1082 3100 contra
1108 3040 1152 3101 St.
1178 3040 1348 3101 notarium.

345 3146 424 3206 ltem
457 3145 605 3225 quitquid
630 3149 723 3205 Anna
748 3159 848 3205 mater
873 3145 984 3205 Mikou
1016 3142 1093 3206 feria
1117 3158 1203 3205 sexta
1235 3145 1274 3205 ad
1299 3143 1395 3205 fidem
1420 3143 1498 3204 reci-

241 3252 306 3333 piet
329 3270 424 3331 super
454 3270 519 3310 uno
542 3250 673 3327 monili,
699 3250 822 3310 Blasius
847 3250 1047 3311 Bremennalt
1071 3252 1194 3312 solvere
1224 3251 1384 3312 tenebitur
1408 3250 1502 3330 quin·

241 3358 367 3419 decimo
397 3358 458 3417 die.

347 3464 423 3523 ltem
462 3482 554 3523 causa
589 3481 652 3542 que
688 3463 818 3522 vertitur
851 3462 931 3523 inter
963 3463 1149 3524 Katerinam
1181 3461 1281 3523 filiam
1316 3461 1439 3522 Pauleti
1472 3475 1503 3522 et

242 3569 425 3631 Gabrielem
452 3569 520 3629 eius
545 3565 671 3628 fratrem
697 3568 737 3629 ad
761 3569 966 3630 concordiam
990 3589 1046 3651 per
1070 3571 1188 3651 probos
1212 3569 1297 3630 viros
1321 3567 1502 3629 faciendam

242 3675 282 3736 ad
307 3674 492 3755 quindecim
518 3674 586 3735 dies
610 3689 656 3735 est
680 3688 859 3757 prorogata.

349 3781 425 3841 ltem
450 3800 545 3840 causa
569 3800 630 3860 que
656 3781 788 3842 vertitur
812 3781 893 3842 iuter
917 3781 1107 3842 Michaelem
1132 3779 1256 3842 labrum
1283 3794 1313 3842 et
1338 3781 1504 3842 Mortonos

241 3888 425 3948 sellatorem
450 3887 489 3945 ad
514 3900 588 3947 octo
612 3885 681 3947 dies
703 3887 762 3947 sub
787 3887 874 3967 pacis
899 3885 1001 3948 lorma
1025 3900 1072 3947 est
1095 3900 1274 3968 prorogata.

350 3993 425 4052 ltem
452 3991 592 4052 Brumen
617 4007 727 4053 contra
760 3992 919 4054 lanchech
950 3993 1054 4074 primo
1087 3993 1200 4053 citatus
1224 4012 1288 4053 non
1315 3993 1503 4074 comparuit.

349 4097 425 4157 ltem
450 4117 543 4157 causa
568 4117 630 4177 que
656 4099 788 4159 vertitur
813 4098 893 4159 inter
919 4099 1062 4159 Marcum
1096 4098 1269 4159 Bonolium
1295 4110 1325 4158 et
1349 4099 1417 4159 eius
1440 4118 1503 4158 ser·

242 4204 385 4264 vitricam
410 4202 448 4263 ad
473 4217 545 4263 octo
570 4204 637 4265 dies
662 4218 707 4264 est
731 4218 900 4285 prorogata
925 4203 965 4264 ad
993 4223 1114 4285 pacem.

353 4309 428 4369 ltem
454 4329 547 4369 causa
572 4329 634 4389 que
658 4310 790 4371 vertitur
822 4310 904 4370 inter
932 4310 1074 4370 relictam
1101 4309 1252 4391 Syrnonis
1277 4308 1441 4369 Sternicha
1474 4322 1505 4370 et

242 4416 322 4477 Wlk
347 4414 518 4496 lapicidam
542 4415 582 4475 ad
606 4430 679 4476 octo
704 4416 772 4475 dies
796 4428 842 4476 est
866 4431 1047 4496 prorogata.

348 4521 424 4581 ltem
450 4519 611 4580 lohannes
635 4520 799 4601 presbiter,
816 4521 918 4582 dictus
949 4522 1106 4598 sacerdos,
1136 4535 1243 4581 contra
1276 4521 1420 4582 relictam
1446 4520 1503 4582 Gi-

243 4627 338 4688 lionis
362 4626 466 4707 primo
491 4625 603 4686 citatus
627 4646 691 4687 non
716 4629 904 4708 comparuit.

350 4731 426 4792 ltem
468 4732 629 4792 Marketus
671 4745 780 4793 contra
823 4732 990 4794 dominum
1028 4732 1154 4793 lvlikech
1197 4731 1298 4792 lilium
1344 4732 1504 4792 Leunardi

245 4837 348 4918 primo
374 4837 487 4898 citatus
511 4857 576 4897 non
601 4838 790 4919 comparuit.
