3488 5250
622 345 708 401 Anno
730 339 822 419 1562.
845 376 890 387 -
913 338 962 402 16.
992 343 1152 404 decembris.
1462 304 1520 422 a51

365 551 443 615 Item
468 552 580 614 Petrus
602 552 699 613 Zolar
715 565 824 614 contra
843 553 886 614 M.
904 551 1043 631 judicem
1060 552 1202 613 secundo
1220 551 1333 614 citatus
1352 572 1417 615 non
1434 573 1522 615 com·

258 658 375 740 paruit.

335 749 337 753 ¹
365 763 443 825 ltem
469 765 580 826 Marko
606 778 715 825 contra
748 764 934 845 Draganum
966 765 1071 846 primo
1100 764 1213 826 citatus
1245 783 1309 826 non
1335 765 1525 847 comparuit.

365 869 443 931 item
467 870 545 931 luan
570 867 655 930 filius
680 869 814 931 Strozak
838 888 896 951 pro
920 889 953 930 se
978 884 1009 931 et
1033 868 1184 932 Gedruch
1210 884 1319 932 contra
1344 869 1523 951 Georgium

259 975 405 1037 Persicha
430 975 471 1037 ad
494 989 568 1038 octo
593 975 661 1036 dies
685 975 804 1057 recepit
828 975 1000 1036 terminum
1025 976 1066 1037 ad
1091 977 1363 1058 respondendum.

365 1081 443 1143 Item
468 1081 643 1143 Laurencis
668 1081 806 1143 Vardich
831 1095 940 1143 contra
964 1080 1067 1143 filium
1099 1082 1270 1163 Dampiani
1295 1083 1333 1144 ad
1358 1096 1432 1144 octo
1457 1082 1527 1144 dies

259 1188 379 1270 recepit
402 1189 576 1250 terminum
602 1189 641 1249 ad
669 1188 942 1270 respondendum.

365 1295 443 1357 Item
467 1308 582 1357 octavo
607 1295 659 1355 die
684 1295 801 1356 Paulus
826 1293 966 1356 frenator
983 1310 1092 1356 contra
1118 1297 1247 1378 Mykow
1272 1316 1328 1378 per
1353 1294 1526 1358 Crizozlau

259 1415 290 1463 et
315 1402 469 1463 Jacobum
494 1399 597 1463 filium
621 1401 739 1463 Vrbani
764 1421 859 1482 super
883 1402 1049 1484 vituperiis
1064 1402 1284 1464 testimonium
1309 1401 1475 1483 producet.

368 1507 445 1568 item
470 1521 584 1568 octavo
609 1507 661 1569 die
687 1506 794 1569 Golob
820 1520 929 1569 contra
960 1508 1114 1569 Doklesin
1139 1527 1194 1589 per
1226 1507 1381 1586 Baboieb‚
1406 1506 1525 1569 chhk

259 1627 291 1674 et
314 1613 421 1695 Matey
445 1613 666 1674 testimonium
690 1631 786 1694 super
810 1612 834 1672 11
859 1613 965 1694 pensis
989 1627 1019 1674 et
1043 1612 1068 1673 11
1094 1612 1233 1674 denariis
1256 1612 1421 1695 producet.

365 1718 444 1780 item
469 1717 630 1779 Johannes
653 1718 814 1780 Barbacus
837 1738 939 1800 usque
956 1719 1135 1800 quindenas
1159 1732 1284 1781 tenetur
1299 1719 1424 1780 solvere
1441 1719 1525 1780 Mar·

259 1824 328 1886 tino
352 1824 452 1886 sutori
478 1825 534 1885 LX
558 1824 717 1887 denarios.

365 1930 444 1992 Item
470 1932 586 2013 Mykus
610 1945 719 1993 contra
743 1930 837 1992 Frich
862 1931 967 2013 primo
992 1933 1105 1993 citatus
1128 1951 1193 1994 non
1218 1932 1406 2014 comparuit.

368 2036 446 2098 Item
478 2049 592 2098 octavo
624 2036 676 2097 die
707 2036 869 2098 Johannes
900 2035 984 2098 filius
1017 2038 1183 2099 Laurencii
1216 2051 1325 2099 contra
1351 2036 1523 2099 Martinum

259 2142 384 2223 Reyniz
408 2162 440 2202 se
465 2142 624 2203 secundus
645 2141 772 2223 jurabit,
797 2143 884 2224 quod
902 2143 1064 2224 quandam
1087 2145 1213 2204 vineam
1238 2163 1338 2225 prope
1363 2142 1525 2205 civitatem

258 2247 447 2309 existentem
473 2248 600 2329 propria
625 2267 699 2309 curn
722 2249 870 2330 potencia
895 2268 960 2310 non
992 2249 1230 2328 vindemiasset‚
1254 2269 1312 2311 nec
1336 2249 1403 2331 ipsa
1428 2249 1537 2326 vinea¹

259 2353 299 2415 de
324 2372 383 2415 suo
407 2353 542 2415 consilio
566 2354 762 2416 vindemiata
787 2353 914 2430 fuisset;
948 2354 1007 2417 hoc
1038 2355 1104 2436 ipse
1137 2354 1298 2417 Johannea
1329 2354 1370 2416 ad
1394 2374 1523 2436 presen-

260 2458 341 2521 ciam
367 2457 510 2539 judicum
535 2460 741 2541 antiquorum
765 2461 957 2542 appellavit3
974 2462 1086 2522 vinum
1103 2461 1190 2522 enim
1214 2461 1314 2544 ipsius
1337 2461 1441 2537 vinee,
1467 2460 1523 2522 ubi

260 2565 326 2647 ipse
347 2565 504 2627 Martinus
520 2565 691 2644 exhibebit,
708 2586 765 2648 per
781 2580 919 2648 quatuor
935 2566 1056 2647 judices
1072 2580 1228 2629 statuetur
1251 2567 1357 2629 eidem
1371 2567 1521 2629 Martin0.

364 2672 441 2733 ltem
467 2672 621 2733 Martinus
646 2672 769 2755 Reyniz
794 2684 903 2734 contra
932 2672 1111 2733 Johannem
1134 2673 1175 2734 ad
1208 2687 1281 2735 octo
1306 2673 1374 2733 dies
1398 2672 1519 2754 recepit

258 2778 430 2838 terminum
456 2778 495 2839 ad
520 2778 792 2859 respondendum.

365 2884 441 2946 Item
467 2896 581 2945 octavo
606 2884 658 2945 die
683 2885 794 2944 Petrus
818 2882 957 2945 carnifex
982 2904 1015 2946 se
1036 2897 1142 2946 sextus
1165 2883 1292 2965 jurabit,
1317 2885 1406 2967 quod
1423 2903 1524 2966 quan·

259 2990 332 3052 dam
357 2991 514 3071 virginem
539 2989 577 3051 ad
603 2990 725 3051 nullam
752 2991 978 3051 verecundiam
1003 2990 1155 3052 traxisset.

364 3096 441 3157 Item
467 3109 581 3157 octavo
611 3095 663 3156 die
695 3095 842 3157 Thomas
871 3096 1018 3178 gladipar
1050 3109 1160 3157 contra
1192 3096 1284 3178 Voyk
1309 3115 1342 3156 se
1365 3096 1525 3157 secundus

257 3200 384 3281 jurabit,
408 3201 496 3282 quod
521 3199 615 3263 fuerit
639 3220 791 3283 pereum
817 3201 1012 3263 vulneratus.

364 3307 441 3369 item
466 3320 581 3368 octavo
605 3307 657 3369 die
675 3306 813 3369 Jacobus
837 3322 946 3368 contra
963 3307 1092 3368 Petrum
1111 3305 1291 3369 carnificem
1307 3306 1524 3389 respondebit.

431 3541 527 3615 Feria
555 3551 653 3615 sexta
681 3545 836 3633 proxima
863 3552 941 3633 post
968 3545 1091 3617 festum
1120 3547 1216 3616 beate
1242 3545 1350 3618 Lucie.

757 3693 820 3773 (16.
843 3697 1016 3775 decembris).

364 3836 443 3897 item
467 3836 625 3897 Henricus
649 3851 759 3898 contra
782 3837 876 3898 Frich
901 3836 979 3898 feria
1002 3838 1098 3899 tercia
1123 3838 1339 3919 respondebit.

365 3943 441 4002 item
467 3954 581 4004 octavo
607 3942 660 4005 die
685 3943 817 4005 Wlkota
841 3963 874 4005 se
891 3945 1007 4005 tercius
1031 3958 1141 4006 contra
1167 3944 1343 4005 Henricum
1368 3963 1402 4006 se
1427 3945 1523 4007 debet

259 4066 444 4129 expurgare.

364 4153 442 4215 item
466 4154 542 4236 quia
565 4154 694 4236 Mykow
719 4155 854 4216 Paulum
880 4152 1073 4218 frenatorem
1098 4155 1203 4216 verbis
1229 4154 1394 4236 vituperiis
1418 4154 1525 4217 affecit

259 4272 289 4320 et
313 4259 427 4320 exinde
452 4260 637 4322 testimonio
660 4258 830 4321 sufficienti
863 4260 923 4322 fuit
953 4261 1130 4338 convictus,
1163 4261 1310 4342 quamvis
1340 4274 1387 4323 ter
1410 4261 1525 4324 citatus

259 4383 323 4425 non
349 4365 573 4447 comparuerit,
604 4379 711 4427 tamen
743 4367 822 4448 parti
856 4367 987 4429 adverse
1018 4386 1117 4428 unam
1149 4386 1288 4428 marcam
1323 4381 1354 4428 et
1382 4366 1524 4428 mediam

259 4469 357 4550 judici
381 4470 506 4533 solvere
531 4489 632 4551 usque
656 4471 837 4552 quindenas
860 4471 966 4533 debet.

364 4576 443 4638 Item
475 4577 551 4638 luan
584 4577 803 4639 Radosseuich
837 4597 938 4659 usque
970 4579 1149 4661 quindenas
1181 4579 1277 4641 debet
1311 4578 1436 4641 solvere
1467 4578 1523 4640 uni

258 4682 370 4746 sartori
394 4702 496 4745 unum
521 4682 591 4744 flor.

364 4771 441 4850 ltem
455 4789 600 4851 Andreas
616 4785 704 4850 faber
721 4801 829 4852 contra
848 4788 984 4853 Grecam
998 4792 1103 4872 primo
1117 4791 1230 4853 citatus
1247 4809 1312 4854 non
1332 4789 1522 4874 comparuit.
