3488 5250
242 300 301 380 184
607 303 693 359 Anno
713 298 806 378 1360.
830 334 872 344 —
897 315 923 361 1.
954 301 1128 374 septembris.

342 511 419 573 Item
444 531 524 573 uxor
548 510 707 573 Vidonicb
739 523 848 572 contra
880 527 1011 570 uxorem
1037 509 1166 571 Andree
1189 510 1295 591 primo
1317 509 1409 571 citata
1433 529 1497 570 non

236 618 426 700 comparuit.

342 724 420 786 Item
444 743 537 785 causa
570 742 632 803 que
664 723 797 784 vertitur
829 723 911 784 iuter
942 722 985 784 M.
1018 720 1120 783 filium
1152 721 1266 783 Hench
1290 734 1321 782 et
1344 721 1500 782 Iacobum

237 829 367 891 ZIrotka
392 849 427 891 ac
451 828 553 891 filium
578 848 671 890 suum
696 829 735 890 ad
772 842 845 890 octo
877 827 945 889 dIes
978 841 1023 888 est
1047 840 1227 909 prorogata,
1259 828 1334 908 quia
1358 827 1425 909 ipse
1450 826 1500 888 Ja-

237 937 335 996 cobus
359 954 417 997 nec
441 934 525 997 filius
550 955 625 996 suus
648 934 828 1016 comparuit
851 946 961 995 contra
987 933 1135 996 eundem.

343 1042 419 1103 Item
457 1042 618 1104 Iohannes
652 1040 736 1102 filius
772 1039 908 1101 Mathias
947 1052 1056 1101 contra
1089 1041 1128 1101 N.
1163 1039 1267 1121 primo
1299 1040 1412 1101 citatus
1435 1058 1499 1101 non

237 1147 424 1229 comparuit.

343 1252 420 1314 Item
445 1252 676 1329 commisimus,
709 1251 797 1333 quod
826 1250 871 1312 St.
896 1263 926 1311 et
951 1251 1101 1311 Marenus
1134 1249 1238 1330 jurati,
1269 1263 1393 1312 terram·
1414 1251 1500 1312 Kon-

238 1357 336 1419 chIini
362 1358 447 1420 iuxta
471 1356 644 1419 Zauicham
667 1358 864 1435 existentem,
889 1370 997 1418 nostra
1014 1357 1203 1419 auctoritate
1228 1376 1301 1418 cum
1324 1341 1503 1420 redditibus

239 1463 304 1524 suis
328 1464 485 1525 universis
508 1483 566 1544 pro
593 1463 714 1524 iuditio
739 1463 791 1523 IIII
824 1481 1005 1523 marcarum
1030 1463 1061 1523 in
1095 1482 1161 1544 quo
1186 1462 1271 1524 idem
1303 1445 1502 1525 contra'An·

239 1568 348 1630 dream
379 1582 426 1631 est
458 1569 632 1644 convictus,
662 1568 766 1629 eidem
791 1568 920 1629 Andree
954 1568 1152 1653 servandam*
1175 1582 1206 1629 et
1237 1568 1380 1630 redditus
1402 1568 1502 1649 perci-

240 1674 396 1756 piendum
420 1694 587 1756 quousque
613 1674 736 1735 solutio
760 1674 820 1736 sibi
853 1672 1061 1755 inpendetur,
1097 1673 1148 1734 vel
1172 1674 1197 1735 si
1231 1674 1374 1736 redditus
1405 1673 1504 1755 ipsius

238 1781 313 1842 anni
337 1781 493 1863 presentis
525 1780 642 1842 dictam
668 1780 768 1841 debiti
792 1780 1004 1860 quantitatem
1034 1779 1176 1860 atiugere
1208 1798 1273 1840 non
1305 1778 1440 1861 poterit,
1464 1780 1504 1839 de

239 1887 346 1968 precio
370 1900 452 1949 terre
477 1884 666 1968 perficietur.

344 1993 422 2054 Item
447 1992 552 2075 primo
577 1991 697 2072 judicio
722 1992 859 2053 Iacobus
883 2005 992 2052 contra
1019 1991 1126 2072 Matey
1150 2010 1206 2072 per
1230 1992 1374 2053 Marcum
1398 2005 1429 2053 et
1454 1993 1503 2054 Ja-

239 2100 355 2161 cobum
379 2099 599 2160 testImonium
625 2097 801 2179 producere
825 2097 929 2158 debet.

346 2205 422 2266 Item
448 2205 595 2268 Pazarica
619 2217 728 2265 contra
754 2201 932 2284 Georgium
956 2202 1098 2263 secundo
1115 2203 1209 2264 citata
1236 2223 1299 2265 non
1314 2204 1503 2285 comparuit.

345 2312 421 2372 Item
448 2311 521 2372 licet
546 2311 716 2371 Barberius
740 2322 849 2371 contra
883 2328 1015 2371 uxorem
1041 2309 1168 2370 Andree
1204 2309 1285 2371 fabri
1311 2311 1343 2371 in
1366 2312 1504 2392 presenti

240 2417 359 2499 judicio
383 2436 478 2498 agere
503 2416 674 2494 debuisset,
699 2430 806 2477 tamen
831 2435 896 2476 non
927 2415 1014 2477 venit
1036 2434 1094 2475 nec
1121 2415 1217 2476 misit.

347 2523 425 2584 Item
448 2523 556 2584 relicta
590 2522 766 2583 Martinkus
796 2536 905 2583 contra
939 2522 1047 2583 Punek
1073 2521 1172 2583 tercio
1206 2522 1299 2584 citata
1329 2543 1394 2586 nou
1418 2544 1504 2586 com-

241 2629 356 2711 paruit.

345 2735 423 2796 Item
457 2734 573 2795 Paulus
605 2733 717 2794 Zmina
749 2733 902 2812 secundo,
933 2747 963 2795 et
988 2734 1115 2815 Dragan
1147 2735 1252 2816 prImo
1285 2749 1395 2797 contra
1427 2736 1504 2798 Dra-

240 2860 358 2922 gonam
383 2841 468 2901 citati
493 2858 558 2900 non
583 2851 841 2920 comparuerunt.

347 2947 425 3008 Item
449 2946 523 3007 licet
547 2944 650 3006 Pousa
675 2964 749 3005 cum
773 2944 895 3007 famulo
916 2946 1006 3007 Pauli
1025 2947 1140 3009 Pichur
1161 2948 1192 3009 in
1217 2949 1356 3031 presenti
1384 2948 1504 3028 judicio

245 3065 355 3114 contra
387 3051 596 3113 Benedictum
626 3050 811 3132 selliparum
849 3072 942 3133 agere
974 3053 1145 3134 debuisset,
1178 3070 1286 3116 tamen
1319 3073 1385 3115 non
1417 3057 1505 3117 venit

242 3178 300 3220 nec
324 3158 420 3219 misit.

347 3265 424 3325 Item
451 3264 562 3341 Pausa,
595 3262 737 3325 Obraam
768 3264 864 3325 ZoIar
895 3278 926 3327 et
958 3264 1118 3347 Georgius
1140 3266 1300 3328 litteratus
1332 3280 1427 3328 testes
1450 3288 1506 3349 per

243 3371 398 3432 Iacobum
423 3370 497 3429 Kun
522 3382 631 3430 contra
656 3369 847 3432 Michaelem
880 3370 980 3431 Saffar
1013 3372 1171 3453 producti,
1202 3372 1309 3433 taliter
1335 3372 1506 3435 extiterunt

242 3473 409 3552 testificati,
434 3474 521 3555 quod
546 3473 586 3535 de
611 3489 694 3536 retro
719 3475 850 3537 ecclesie
867 3477 966 3537 sancti
992 3477 1089 3537 Marci
1112 3477 1187 3558 ipsis
1211 3478 1505 3557 deambulantibus,

245 3582 276 3642 In
301 3582 444 3663 ipsorum
468 3581 650 3661 presenciis,
674 3581 760 3642 idem
779 3581 924 3663 Mychael
948 3583 1008 3644 sibi
1026 3596 1099 3644 octo
1124 3585 1262 3646 florenos
1288 3603 1346 3664 pro
1363 3584 1505 3665 quodam

245 3687 321 3747 vino
345 3688 384 3746 ab
409 3687 478 3766 ipso
503 3700 612 3767 empto
636 3686 789 3760 atulisset,
814 3701 844 3748 et
869 3687 975 3748 dando
992 3688 1053 3749 sibi
1079 3689 1221 3766 eosdem,
1248 3689 1433 3770 peripsum
1458 3710 1505 3751 re-

243 3792 378 3874 quisitus
401 3791 553 3853 extitisset
576 3792 630 3852 ubi
655 3791 758 3852 adhuc
783 3792 848 3853 duo
864 3791 977 3853 floreni
995 3792 1127 3855 fuissent
1155 3807 1185 3854 et
1214 3794 1345 3874 quando
1368 3795 1428 3856 sibi
1446 3815 1503 3857 eos

244 3897 318 3958 dare
343 3897 505 3975 voluisset,
530 3897 584 3978 qui
610 3897 749 3975 dixisset,
782 3897 870 3979 quod
895 3898 973 3959 dum
1005 3899 1115 3960 vinum
1140 3918 1199 3981 pro
1224 3900 1300 3981 ipsis
1324 3902 1364 3962 ab
1389 3921 1438 3979 eo,
1472 3915 1506 3963 ut

243 4008 337 4085 s'upra
358 4017 587 4085 comparatum,
611 4003 794 4064 venditioni
820 4018 1002 4086 exponeret,
1026 4005 1086 4066 sibi
1112 4004 1186 4066 dare
1212 4025 1267 4067 eos
1291 4006 1397 4068 vellet.

244 4203 365 4275 Tereia
392 4203 478 4275 feria
507 4207 661 4293 proxima
694 4213 770 4293 post
812 4204 935 4276 Iestum
972 4206 1194 4278 decolationis
1223 4208 1312 4279 beati
1340 4208 1506 4298 Jobannis

794 4330 951 4418 baptiste.

756 4502 797 4575 (l.
821 4499 1005 4574 septembris).

351 4637 459 4700 Primo
484 4638 646 4699 Marketus
670 4650 777 4699 contra
803 4638 971 4701 dominum
996 4639 1038 4703 M.
1069 4638 1172 4701 filium
1197 4639 1231 4700 L.
1258 4639 1361 4724 primo
1393 4641 1506 4705 citatus

246 4760 310 4803 non
334 4743 522 4826 comparuit.
