3488 5250
634 321 834 401 Ann01363.
858 359 902 367 —
925 338 972 401 13.
997 325 1125 386 octobris.

347 534 426 597 Item
451 534 604 596 Crisanus
627 546 737 595 contra
760 534 799 595 N.
823 534 928 616 prImo
952 534 1064 595 citatus
1088 554 1153 596 non
1178 535 1367 617 comparuit.

349 641 426 704 Item
451 660 544 702 causa
571 639 719 722 Gre'gorii
742 653 774 701 et
789 640 908 702 Donati
925 640 965 701 ad
982 638 1094 702 feriam
1112 641 1242 702 terciam
1259 655 1306 703 est
1322 655 1504 724 prorogata.

348 747 427 808 Item
451 745 518 808 Cus
542 760 650 807 contra
684 746 878 827 DragozIow
909 745 1050 807 secundo
1082 746 1196 808 citatus
1227 766 1292 808 non
1315 747 1503 830 comparuit.

347 854 426 915 Item
450 851 700 913 Franciskouich
724 864 833 913 contra
853 850 1045 932 Gregorium
1069 852 1175 934 primo
1191 852 1304 914 citatus
1327 872 1394 914 non
1416 872 1503 915 com-

241 958 356 1041 paruit.

348 1063 426 1125 Item
451 1062 647 1124 Laurentius
671 1075 780 1124 contra
805 1062 934 1125 Claram
958 1063 1063 1145 prImo
1088 1063 1200 1124 citatus
1218 1083 1282 1125 non
1314 1064 1503 1146 comparuit.

348 1168 425 1230 Item
450 1187 543 1230 causa
568 1168 644 1229 Iuan
663 1168 798 1250 cirologi
822 1183 853 1230 et
868 1169 908 1230 N.
929 1168 986 1230 filii
1017 1168 1146 1230 Jurizlai
1172 1169 1211 1230 ad
1236 1167 1347 1231 feriam
1372 1169 1503 1231 terciam

241 1290 288 1338 est
311 1289 492 1358 prorogata.

347 1380 426 1442 Item
451 1381 573 1465 Symon
598 1396 707 1444 contra
731 1383 770 1443 N.
794 1381 936 1442 secundo
961 1380 1073 1443 citatus
1097 1399 1162 1441 non
1186 1381 1374 1463 comparuit.

346 1486 424 1549 Item
448 1488 583 1567 Egidius
607 1501 717 1550 contra
741 1487 919 1548 Iohannem
943 1486 1048 1569 primo
1080 1486 1193 1547 citatus
1216 1504 1282 1547 non
1313 1486 1502 1569 comparuit.

348 1593 427 1655 Item
451 1593 621 1677 {Iohannes
653 1592 897 1655 archidiaconus
927 1605 1036 1653 contra
1063 1590 1129 1653 Cus
1152 1591 1257 1673 primo
1293 1592 1406 1654 citatus
1437 1611 1502 1653 non

241 1700 430 1781 comparuit.

347 1804 423 1865 Item
456 1806 567 1866 Petrus
598 1804 795 1866 Letouanich
826 1802 968 1865 secundo
1000 1802 1113 1863 citatus
1144 1816 1253 1863 contra
1292 1803 1403 1863 Macek
1436 1821 1501 1864 non

241 1911 428 1993 comparuit.

345 2015 423 2077 Item
448 2015 515 2078 Cus
538 2030 647 2078 contra
671 2016 807 2077 Paulum
830 2015 935 2098 primo
960 2015 1072 2075 citatus
1104 2032 1170 2075 non
1194 2013 1383 2096 comparuit.

348 2121 426 2183 Item
443 2141 537 2183 causa
555 2120 685 2202 Georgii
703 2117 735 2182 'et
748 2119 874 2182 Mikech
889 2120 925 2181 L.
939 2119 978 2180 ad
992 2118 1103 2180 seriam
1117 2119 1247 2181 terciam
1262 2132 1308 2180 est
1319 2133 1500 2199 prorogata.

345 2227 424 2289 Item
440 2228 528 2289 BenIr
546 2239 577 2289 et
594 2227 639 2289 St.
653 2241 762 2288 contra
776 2227 919 2287 Marcum
933 2226 1038 2307 prImo
1054 2225 1140 2287 citati
1157 2244 1222 2286 non
1239 2237 1500 2306 comparuerunt

345 2332 423 2394 Item
448 2331 588 2395 famulus
611 2332 669 2394 filii
694 2330 800 2413 Egidii
825 2330 920 2392 Zolar
944 2321 1095 2393 citaverat
1118 2330 1281 2392 Andream
1305 2329 1497 2392 frenatorem

239 2452 271 2499 et
293 2457 358 2500 non
384 2440 481 2501 venit.

345 2544 423 2605 Item
448 2543 538 2605 Achk
563 2557 594 2605 et
626 2541 801 2623 Gregorius
833 2542 908 2603 Jaxe
939 2542 1044 2623 primo
1073 2541 1158 2603 citati
1191 2556 1299 2604 contra
1326 2541 1500 2603 Martinam

239 2650 363 2733 Reyniz
387 2669 452 2711 non
477 2661 734 2729 comparuerunt.

344 2755 422 2816 Item
433 2756 802 2816 Martinussutorcontra
813 2751 988 2834 Georgium
999 2753 1499 2835 prImocitatusnoncomparuit.

345 2860 422 2922 Item
448 2860 582 2942 Egidius
605 2859 747 2921 secundo
771 2859 884 2920 citatus
911 2871 1020 2919 contra
1037 2858 1194 2940 Wysnam
1219 2877 1285 2919 non
1308 2859 1497 2940 comparuit.

345 2967 423 3028 Item
455 2966 654 3048 Dampianus
683 2978 792 3026 contra
824 2963 966 3026 relictam
999 2964 1136 3025 Zelezen
1168 2964 1209 3026 ad
1240 2976 1313 3026 octo
1346 2964 1414 3026 dies
1438 2977 1499 3026 ter-

240 3074 362 3134 minum
388 3073 507 3154 recepit
530 3071 756 3153 respondendi

345 3179 424 3240 Item
437 3177 582 3259 Dragech
597 3191 706 3239 contra
719 3176 861 3239 relictam
876 3177 964 3238 Pauli
982 3176 1087 3258 primo
1103 3176 1217 3237 citatus
1229 3195 1294 3237 non
1311 3176 1499 3259 comparuit.

344 3284 423 3346 Item
447 3284 603 3345 Martinus
627 3283 751 3366 Reyniz
775 3296 884 3344 contra
900 3282 1117 3364 Dampianum
1141 3281 1181 3343 a'd
1199 3296 1272 3344 octo
1289 3282 1357 3343 dies
1381 3282 1500 3364 recepit

238 3390 410 3452 terminum
439 3388 665 3471 respondendi.

344 3497 422 3557 Item
447 3495 592 3557 Thomas
615 3515 648 3556 se
664 3495 781 3557 tercius
804 3508 915 3556 contra
931 3494 1148 3575 Dampianum
1166 3508 1279 3556 octavo
1303 3493 1355 3555 die
1371 3493 1500 3574 jurabit,

238 3602 327 3684 quod
351 3621 425 3663 eum
450 3621 514 3663 non
540 3601 732 3683 vituperavit
755 3620 813 3662 nec
837 3600 897 3661 sibi
922 3599 1017 3662 fuerit
1040 3601 1263 3662 commiuatus.

343 3707 420 3768 Item
446 3707 549 3767 Pousa
573 3720 604 3768 et
627 3706 772 3768 Thomas
796 3707 900 3789 prImo
924 3707 1009 3768 citati
1032 3720 1141 3768 contra
1165 3707 1307 3768 relictam
1332 3705 1499 3768 Michaelis
1574 3727 1576 3731 ⁴

238 3831 303 3874 non
328 3825 587 3893 comparuerunt.

343 3919 420 3980 Item
452 3938 546 3980 causa
582 3918 680 4000 Ipsius
711 3918 818 3979 relicte
851 3932 882 3979 et
917 3917 1029 3980 Cusilo
1065 3916 1105 3977 ad
1137 3916 1248 3979 feriam
1288 3919 1419 3981 terciam
1451 3932 1498 3981 est

238 4039 418 4106 prorogata.
1373 4032 1380 4039 ’

343 4129 420 4191 Item
439 4129 544 4210 Volyn
562 4143 593 4189 et
610 4129 727 4190 Paulus
742 4129 848 4210 primo
865 4129 949 4190 citati
968 4142 1077 4189 contra
1094 4129 1137 4190 St.
1156 4148 1221 4190 non
1239 4145 1496 4212 comparuerunt.

342 4235 420 4296 Item
444 4234 595 4295 Nicolaus
619 4233 831 4296 Zrebernicha
856 4248 965 4296 contra
983 4234 1140 4295 Marinam
1163 4235 1268 4316 primo
1293 4236 1407 4298 citatus
1431 4255 1496 4297 non

238 4341 426 4422 comparuit.
446 4342 618 4417 (Deletum.)

342 4445 419 4506 Item
457 4446 613 4507 MartInus
646 4459 734 4506 sutor
768 4460 877 4507 contra
912 4446 1119 4507 Dominicum
1154 4447 1258 4528 prImo
1283 4447 1396 4508 citatus
1431 4465 1497 4509 non

237 4551 426 4632 comparuit.

342 4654 420 4717 Item
445 4656 592 4718 universe
617 4676 710 4718 cause
742 4655 881 4719 filiorum
907 4657 1023 4720 Cemer
1054 4657 1094 4719 ad
1119 4656 1230 4720 feriam
1261 4660 1391 4721 terciam
1425 4671 1500 4722 sunt

237 4775 417 4843 prorogate.
