3488 5250
243 338 302 398 ¹24
633 324 721 382 Anno
743 336 833 400 1359.
856 359 900 369 -
925 338 970 401 17.
993 327 1073 386 maii.
1151 335 1156 344 ·

237 540 330 626 Nota,
359 540 444 630 quod
473 542 581 612 tercia
600 540 685 613 feria
712 543 875 631 proxima.
904 546 937 614 in
965 543 1052 616 festo
1080 541 1236 616 videlicet
1263 541 1499 615 decollationis

603 665 693 737 beati
721 665 887 756 johannis
914 667 1071 755 baptiste.
1083 657 1129 758 (I)
1216 656 1220 664 “

341 831 449 893 Primo
484 832 637 893 Nicolaus
667 831 752 894 filius
788 833 913 915 Bologh
956 846 1065 896 contra
1096 833 1276 896 Iohannem
1315 832 1494 895 Barbacum

236 937 341 1019 primo
364 937 477 999 citatus
501 957 566 1000 non
591 938 780 1021 comparuit.

341 1043 418 1104 Item
444 1043 568 1105 Malech
593 1042 722 1125 pellifex
747 1056 857 1105 contra
881 1043 1019 1107 eundem
1044 1043 1199 1108 similiter.

341 1150 417 1210 Item
436 1150 512 1211 Iuan
530 1148 736 1232 Podchepina
754 1163 863 1212 contra
877 1151 952 1212 Kun
969 1151 1074 1233 primo
1094 1149 1207 1212 citatus
1222 1169 1288 1211 non
1305 1149 1494 1231 comparuit.

341 1254 418 1315 Item
442 1254 604 1316 Iohannes
637 1255 797 1317 Barbacus
828 1269 938 1317 contra
969 1255 1084 1337 Artuig
1113 1254 1153 1317 ad
1185 1269 1259 1317 octo
1282 1255 1351 1318 dies
1374 1254 1494 1337 recepit

235 1359 407 1421 terminum
432 1360 472 1421 ad
497 1355 770 1442 respondendum.

340 1465 418 1526 Item
429 1466 524 1548 Myke
533 1465 692 1528 baIniator
705 1480 813 1528 contra
823 1466 992 1528 Petronam
1003 1466 1299 1549 prImocitatusnon
1307 1465 1496 1548 comparuit.

340 1570 416 1632 Item
442 1571 608 1633 Farcasius
639 1571 728 1635 faber
758 1585 867 1634 contra
901 1573 1085 1653 Dragonam
1117 1571 1258 1633 secundo
1290 1586 1320 1633 et
1351 1571 1497 1633 Thomas

236 1670 414 1757 Krapinger
438 1678 543 1759 primo
567 1693 676 1740 contra
701 1677 840 1741 eundern
864 1677 950 1740 citati
972 1697 1038 1738 non
1063 1690 1321 1758 comparuerunt.

338 1782 417 1843 Item
451 1783 576 1846 Blasius
606 1784 815 1847 stacionarius
846 1796 954 1845 contra
988 1782 1221 1864 Margaretbam
1246 1782 1352 1865 prImo
1383 1783 1497 1845 citatus

232 1906 296 1947 non
323 1889 513 1971 comparuit.

338 1993 417 2055 Item
440 1995 516 2056 licet
539 1994 803 2057 commiseramus
818 1993 906 2075 quod
931 1993 1066 2056 Iuchecb
1083 2008 1193 2056 contra
1216 1995 1342 2056 Marcus
1365 1993 1398 2054 in
1422 2012 1494 2075 pre-

232 2099 313 2160 senti
338 2098 458 2180 judicio
482 2120 667 2182 comparere
690 2099 862 2178 debuisset,
885 2113 993 2160 tamen
1018 2119 1083 2160 non
1106 2100 1193 2161 venit
1216 2120 1274 2162 nec
1298 2099 1393 2163 misit.

339 2204 416 2265 Item
441 2205 595 2267 Arnoltus
618 2204 703 2267 filius
727 2204 869 2268 GracioIi
893 2217 1002 2266 contra
1028 2204 1224 2287 Mychaelem
1248 2205 1352 2288 primo
1377 2204 1491 2267 citatus

232 2328 298 2370 non
328 2311 517 2393 comparuit.

337 2415 417 2477 Item
442 2416 609 2498 Draganus
640 2416 833 2478 subsoliator
864 2428 973 2476 contra
1006 2415 1134 2478 Petrum
1163 2414 1289 2477 fabrum
1315 2416 1420 2498 prImo
1452 2415 1495 2477 ci-

232 2535 314 2582 tatus
341 2541 406 2582 non
433 2521 622 2604 comparuit.

258 2735 354 2810 FerIa
383 2745 481 2810 sexta
510 2740 666 2828 proxima
693 2746 770 2827 post
802 2746 944 2811 octavas
971 2739 1050 2809 festi
1078 2739 1167 2810 beati
1195 2738 1358 2828 johannis
1386 2743 1467 2811 ante

705 2870 838 2950 portam
867 2861 1019 2933 latinam.

698 3035 700 3040 ’
765 3015 825 3092 (17.
856 3014 954 3091 maii).

338 3172 446 3233 Primo
481 3171 698 3254 principaliter
734 3172 915 3233 Demetrius
949 3170 1034 3232 filius
1069 3171 1152 3232 Petri
1188 3171 1343 3254 piliatoris
1379 3185 1490 3236 contra

232 3276 443 3338 Wlkmanum
469 3277 674 3357 jobagionem
705 3277 796 3339 castri
828 3277 867 3339 de
900 3276 998 3359 Selyn
1022 3289 1088 3337 met
1121 3291 1227 3339 sextus
1258 3276 1361 3358 jurare
1385 3277 1491 3342 debet.

338 3382 416 3444 Item
430 3381 545 3442 eodem
558 3382 610 3443 die
623 3382 785 3444 Johannes
797 3381 881 3444 filius
890 3385 999 3464 Arney
1015 3395 1124 3443 contra
1138 3382 1312 3462 quemdam
1325 3382 1491 3445 hominem

232 3486 391 3548 Briccium
414 3486 453 3547 de
478 3486 623 3549 Chichan
647 3501 712 3550 met
734 3501 865 3569 quartus
887 3506 983 3570 super
1004 3487 1190 3548 verberibus
1214 3486 1316 3566 jurare
1340 3487 1446 3551 debet.

338 3590 414 3652 Item
441 3592 519 3653 dum
550 3593 698 3655 concives
728 3594 827 3655 nostri
861 3593 901 3654 de
930 3592 1000 3655 soro
1031 3592 1199 3653 nundinali
1230 3594 1330 3654 sancti
1354 3594 1491 3677 Spiritus

232 3694 271 3756 de
296 3694 435 3758 Chasma
452 3698 607 3777 venerint,
623 3710 698 3760 tunc
720 3700 881 3787 Marketus
897 3696 1057 3761 aurifaber
1072 3717 1169 3759 unam
1185 3696 1321 3758 scrofam
1338 3712 1369 3760 et
1390 3718 1490 3761 unum

232 3819 364 3882 porcum
389 3802 457 3864 siue
481 3802 641 3865 dilacione
664 3805 740 3868 dare
764 3803 860 3867 debet
883 3804 933 3867 vel
957 3804 1100 3865 valorem
1124 3821 1245 3864 eorum.

338 3908 415 3969 Item
450 3909 554 3972 Katha
589 3925 698 3973 contra
734 3910 934 3973 Lukachium
978 3924 1119 3972 sutorem
1154 3908 1258 3991 primo
1295 3909 1389 3973 citata
1424 3930 1490 3972 non

233 4015 421 4096 comparuit.
587 4024 592 4027 “

337 4119 414 4181 Item
446 4121 570 4183 Blasius
600 4123 808 4185 stacionarius
840 4136 949 4183 contra
982 4119 1214 4201 Margaretbam
1246 4119 1286 4180 ad
1318 4133 1391 4182 octo
1422 4120 1491 4182 dies

232 4225 349 4305 recepit
372 4225 544 4287 terminum
565 4226 604 4288 ad
627 4227 900 4310 respondendum.

337 4330 415 4391 Item
437 4350 538 4412 usque
563 4331 674 4394 seriam
697 4347 818 4395 sextam
838 4333 864 4394 si
893 4331 1024 4393 domina
1056 4331 1165 4392 relicta
1191 4331 1318 4392 Martini
1342 4330 1401 4393 filii
1425 4332 1488 4393 Ke-

233 4435 311 4496 mini
335 4456 407 4497 cum
422 4439 536 4521 Mykus
560 4438 627 4501 filio
645 4441 720 4501 luan
741 4439 858 4521 poterit
874 4436 1078 4514 concordare,
1097 4437 1178 4498 bene
1203 4436 1346 4517 quidem,
1369 4437 1394 4498 si
1411 4457 1489 4499 vero

232 4559 308 4619 non,
338 4554 451 4605 extunc
483 4543 560 4607 seria
590 4560 676 4607 sexta
701 4543 850 4625 quitquid
882 4541 945 4604 fide
976 4562 1031 4603 sua
1062 4543 1223 4604 mediante
1256 4541 1343 4605 idem
1374 4544 1490 4627 Mykus

232 4664 317 4707 anno
340 4651 477 4729 presenti
502 4669 535 4711 se
558 4669 653 4732 super
677 4650 779 4731 ipsam
798 4648 926 4709 vineam
942 4646 1027 4709 dicet
1050 4647 1248 4730 expendisse,
1272 4648 1340 4729 ipsa
1358 4648 1489 4712 domina

232 4751 354 4815 solvere
378 4753 518 4833 debebit,
541 4754 691 4835 dittaque
714 4753 807 4814 vinea
831 4752 893 4834 ipsi
917 4752 1049 4815 domiue
1073 4753 1263 4816 remanebit.
