3488 5250
717 319 803 375 Anno
827 317 916 394 1356.
942 354 986 363 —
1008 334 1058 380 22.
1084 319 1197 393 aprilis.

438 529 515 591 Item
528 529 639 590 Maren
655 530 813 611 potplatar
824 531 928 611 primo
938 531 1051 592 citatus
1069 550 1133 591 non
1144 531 1322 612 comparuit
1339 546 1448 592 contra
1463 531 1593 592 Lucam.

439 635 514 695 Item
542 634 701 716 Georgius
726 635 879 697 Staunich
904 637 1008 718 primo
1032 637 1144 698 citatus
1167 656 1233 698 non
1257 637 1447 719 comparuit.

335 872 428 956 Nota,
458 875 543 960 quod
573 873 658 944 Ieria
677 891 774 944 sexta
795 876 949 962 proxima
977 883 1055 945 ante
1075 875 1198 946 festum
1218 883 1333 946 sancte
1360 872 1455 944 EIene
1476 873 1597 960 regine.

864 1036 926 1102 (22.
950 1027 1073 1101 aprilis).

439 1183 547 1244 PrImo
573 1201 667 1243 causa
691 1202 752 1264 que
778 1183 909 1244 vertitur
933 1184 1016 1245 inter
1033 1183 1224 1244 Paladinum
1243 1197 1278 1245 ut
1302 1196 1441 1244 actorem
1467 1194 1498 1243 et
1514 1182 1598 1242 Mar·

336 1291 445 1349 ketum
469 1287 508 1348 ad
534 1301 607 1349 octo
631 1288 699 1349 dies
723 1302 769 1349 est
792 1304 919 1369 recepta
943 1288 983 1349 ad
1009 1309 1130 1370 pacem.

438 1396 516 1456 Item
540 1415 631 1455 causa
656 1414 719 1476 que
743 1395 876 1456 vertitur
913 1396 994 1456 inter
1020 1396 1051 1456 P.
1086 1408 1239 1456 sartorem
1274 1409 1303 1456 et
1329 1394 1367 1457 G.
1400 1392 1595 1454 aurifabrum

333 1500 373 1562 ad
398 1513 471 1562 octo
496 1500 564 1561 dies
588 1515 634 1562 est
659 1514 782 1582 recepta
808 1501 848 1561 ad
873 1521 996 1582 pacem.

440 1607 515 1667 Item
543 1606 684 1667 Kussech
716 1607 853 1688 piscator
882 1621 990 1668 contra
1023 1606 1193 1669 Nicolaum
1225 1607 1367 1670 secundo
1392 1607 1504 1669 citatus
1532 1625 1597 1667 non

335 1714 522 1795 comparuit.

438 1819 515 1880 Item
542 1818 700 1880 Henricus
724 1831 833 1879 contra
858 1816 945 1879 Otho
970 1819 1073 1899 primo
1098 1820 1211 1880 citatus
1235 1838 1300 1881 non
1326 1819 1514 1900 comparuit.

440 1925 517 1986 Item
543 1924 582 1986 G.
601 1923 753 1985 Staunich
768 1937 877 1984 contra
891 1924 1020 1985 Petrum
1038 1925 1179 1986 secundo
1192 1926 1306 1987 citatus
1323 1945 1387 1986 non
1405 1924 1593 2006 comparuit.

436 2031 512 2092 Item
538 2051 632 2092 causa
649 2049 710 2111 que
735 2030 866 2091 vertitur
892 2029 972 2091 inter
989 2031 1177 2111 magistrum
1196 2031 1392 2113 Philippum,
1417 2029 1519 2092 filium
1537 2030 1595 2091 Pa·

331 2136 407 2198 ridis
431 2151 461 2198 et
485 2138 659 2198 Martinum
683 2135 785 2197 filiurn
817 2135 974 2197 Anthonii
1007 2136 1047 2198 ad
1078 2138 1260 2219 quindenas
1283 2151 1329 2198 est
1361 2149 1542 2219 prorogata,
1566 2137 1591 2196 si

331 2257 446 2324 partes,
471 2243 613 2323 quelibet
637 2243 780 2323 parcium
805 2241 886 2303 duos
909 2243 1028 2323 probos
1059 2243 1144 2304 viros
1175 2243 1437 2325 assumpmendo,
1462 2260 1593 2303 concor·

333 2349 407 2411 dare
433 2363 594 2431 poterunt,
629 2349 679 2409 vel
715 2348 740 2408 si
773 2367 837 2408 non
868 2361 1017 2429 poterunt
1042 2350 1247 2427 concordare,
1279 2363 1394 2412 extunc
1428 2361 1510 2409 statu
1535 2348 1594 2409 sub

333 2456 431 2537 priori
457 2455 656 2536 permanebit
680 2453 862 2534 judicanda.

436 2561 513 2622 Item
531 2560 642 2622 Touth
659 2561 695 2621 P.
712 2573 821 2620 contra
836 2559 881 2621 St.
898 2572 1052 2621 sartorem
1070 2561 1174 2642 primo
1192 2561 1304 2623 citatus
1325 2581 1390 2622 non
1405 2560 1592 2642 comparuit.

435 2667 513 2728 Item
536 2687 630 2727 causa
654 2686 716 2747 que
740 2665 871 2725 vertitur
895 2665 977 2725 inter
1001 2665 1087 2746 Mike
1120 2681 1150 2727 et
1174 2666 1333 2728 Janchech
1357 2667 1398 2727 ad
1422 2679 1495 2728 octo
1520 2666 1589 2727 dies

333 2789 379 2835 est
403 2787 528 2855 recepta
552 2773 592 2834 ad
617 2791 740 2854 pacem.

437 2880 512 2940 Item
551 2880 713 2940 Marketus
759 2893 867 2941 contra
916 2881 953 2942 N.
994 2877 1191 2940 aurifabrum
1231 2879 1334 2960 prImo
1373 2879 1486 2940 citatus
1528 2898 1593 2940 non

335 2986 523 3066 comparuit.

434 3089 511 3152 Item
536 3090 581 3151 St.
605 3091 812 3152 stacionarius
838 3092 868 3151 in
900 3091 1020 3152 octavis
1044 3091 1075 3150 in
1109 3110 1244 3172 persona
1275 3090 1431 3168 Paladini,
1465 3090 1590 3151 dom'rni

331 3197 391 3274 sui,
416 3196 585 3278 assumpsit
609 3196 779 3257 convenire
805 3197 854 3257 vel
887 3196 1075 3257 convincere
1108 3196 1269 3277 quandam
1302 3197 1438 3257 litteram
1465 3196 1593 3277 privile·

334 3302 450 3381 gialenr
475 3300 539 3362 filie
565 3301 638 3363 God
664 3322 731 3363 esse
756 3300 879 3379 falsam,
904 3321 966 3382 que
991 3314 1036 3361 est
1064 3316 1210 3363 emanata
1243 3322 1337 3383 super
1361 3301 1524 3383 quandam
1549 3302 1593 3363 vi·

332 3429 425 3470 neam
450 3428 508 3489 pro
532 3409 600 3489 ipsa
624 3406 688 3467 iilia
714 3407 800 3484 uod,
825 3408 958 3488 ipsaque
990 3407 1092 3468 littera
1118 3407 1233 3469 eodem
1267 3408 1317 3468 die
1342 3409 1409 3469 sine
1435 3408 1592 3469 dilacione
1661 3453 1663 3459 ·

331 3514 371 3574 ad
394 3514 551 3595 justiciam
575 3526 745 3575 statuetur.

437 3622 514 3681 Item
539 3621 676 3681 Jacobus
702 3620 832 3680 Latinus
856 3633 964 3680 contra
991 3621 1028 3682 N.
1052 3620 1314 3682 archidiaconum
1338 3623 1441 3702 prImo
1481 3622 1593 3682 citatus

337 3746 401 3787 non
437 3726 625 3807 comparuit.

440 3830 516 3891 Item
542 3830 697 3891 Martinus
721 3828 804 3890 filius
826 3830 980 3892 Anthonii
1006 3845 1114 3893 contra
1133 3832 1304 3892 Martinum
1330 3844 1468 3891 sutorem
1492 3831 1595 3911 primo

338 3938 450 3999 citatus
473 3956 538 3997 non
564 3936 752 4017 comparuit.

437 4044 514 4103 Item
529 4042 701 4124 Endreyko
713 4055 822 4102 contra
836 4042 1004 4124 Pez(dech)
1019 4044 1058 4104 N.
1074 4044 1177 4124 primo
1195 4044 1307 4104 citatus
1320 4063 1385 4104 non
1403 4042 1591 4124 comparuit.

437 4146 513 4209 Item
540 4147 639 4208 Zidak
664 4130 772 4208 contra
795 4147 952 4208 Briccium
978 4149 1081 4229 primo
1107 4149 1219 4209 citatus
1247 4169 1311 4209 non
1337 4149 1526 4230 comparuit.

438 4254 514 4314 Item
540 4252 579 4315 G.
605 4252 760 4313 Ztaunich
790 4267 898 4313 contra
931 4255 969 4313 N.
1002 4253 1103 4314 filium
1137 4254 1214 4315 Petk
1246 4256 1351 4335 pslmo
1382 4255 1493 4316 citatus
1523 4274 1589 4316 non

333 4359 521 4440 comparuit.

436 4461 511 4524 Item
537 4465 576 4525 N.
600 4464 684 4525 filius
709 4464 873 4526 RenedIcti
898 4480 1010 4526 octavo
1037 4465 1087 4525 die
1123 4479 1248 4526 tenetur
1272 4467 1493 4527 testimonium
1518 4486 1590 4547 pro·

332 4569 446 4630 ducere
464 4585 572 4630 contra
590 4571 627 4633 N.
642 4569 744 4630 filium
768 4569 807 4633 G.
821 4590 878 4652 pro
892 4569 915 4632 II
928 4571 1035 4653 pensis
1049 4591 1104 4652 per
1121 4572 1255 4632 Pansam
1274 4574 1467 4633 avunculum
1485 4592 1589 4636 suum.

437 4673 511 4736 Item
537 4676 647 4736 Maren
674 4676 767 4736 Zolar
799 4689 908 4737 contra
940 4677 1103 4738 Andream
1128 4678 1232 4758 ptimo
1267 4678 1379 4739 citatus
1413 4697 1477 4739 non
1511 4697 1598 4740 com·

331 4793 447 4862 parurt.
