3488 5250
560 1469 707 1566 (Anno
737 1467 919 1558 Domini
946 1464 1208 1568 MCCCLXV.)

244 1799 338 1883 Nota,
367 1797 454 1887 quod
482 1797 569 1869 feria
597 1808 695 1869 sexta
722 1799 877 1885 proxima
911 1805 990 1868 ante
1025 1797 1148 1868 festum
1184 1798 1274 1868 beati
1304 1786 1510 1868 laurencii*

770 1944 815 2025 (8.
839 1950 981 2028 augustei.

349 2089 456 2150 Primo
476 2088 608 2149 domina
626 2087 772 2169 Philippa
790 2088 923 2150 relicta.
941 2137 948 2151 .
966 2087 1105 2149 condam
1121 2086 1236 2169 judicia
1252 2100 1363 2148 contra
1380 2086 1510 2147 Petrum

244 2194 462 2277 (modernum)
486 2193 626 2276 judicem
650 2206 795 2255 nostrum
818 2193 922 2276 prima
946 2193 1101 2255 citacione
1126 2213 1190 2254 non
1216 2192 1406 2273 comparuit.

351 2300 428 2363 ltem
453 2299 616 2362 lohannes
632 2297 716 2361 filius
733 2297 885 2361 Cemmer
909 2298 1047 2360 debebat
1064 2311 1174 2360 contra
1192 2297 1313 2359 Finech
1338 2297 1511 2379 plenariter

245 2406 449 2488 respondere,
473 2423 538 2466 non
568 2405 665 2467 venit.

350 2511 427 2573 Item
453 2510 590 2572 Jancech
613 2509 774 2572 aurifaber
794 2523 904 2571 contra
929 2510 1058 2571 Petrum
1075 2507 1179 2570 filium
1197 2508 1313 2569 Mireni
1338 2508 1444 2590 primo
1468 2508 1510 2568 ci·

244 2632 327 2679 tatus
351 2636 416 2678 non
441 2616 630 2697 comparuit.

350 2723 428 2785 item
453 2722 589 2803 Alspeca
614 2722 723 2804 piatrix
748 2736 857 2785 contra
890 2722 1100 2785 Benedictum
1125 2722 1227 2804 prima
1251 2720 1407 2782 citacione
1444 2737 1509 2780 non

243 2829 433 2911 comparuit.

349 2934 428 2995 ltem
450 2934 612 2995 Marketus
637 2948 746 2995 contra
770 2934 886 3016 Artuig
915 2934 1057 2996 secundo
1082 2933 1195 2994 citatus
1218 2952 1283 2994 non
1316 2926 1519 3013 comparuit.¹

349 3038 427 3100 ltem
452 3039 551 3100 Vinca
576 3059 656 3100 uxor
681 3039 726 3101 St.
751 3018 909 3101 Heruatin
933 3055 1042 3102 contra
1067 3039 1111 3100 M.
1135 3057 1268 3101 uxorem
1295 3037 1399 3119 prima
1434 3037 1510 3098 cita-

243 3145 335 3206 cione
360 3164 425 3206 noo
451 3145 640 3227 comparuit.
1457 3120 1463 3132 ’

349 3250 427 3311 ltem
452 3249 538 3310 Puch
564 3248 725 3311 lohannes
755 3250 795 3312 ad
828 3263 901 3311 octo
934 3250 1002 3311 dieo
1033 3262 1142 3311 contra
1167 3247 1278 3310 lucech
1311 3261 1437 3309 tenetur
1460 3267 1508 3307 re-

244 3354 413 3438 spondere.

350 3460 428 3521 ltem
451 3460 616 3522 Arnoldus
639 3459 723 3521 filius
747 3459 889 3523 Gracioli
922 3473 1031 3521 contra
1057 3460 1188 3521 Matiam
1220 3459 1382 3521 notarium
1406 3458 1509 3539 prima

245 3566 401 3628 citacione
424 3586 489 3627 non
515 3566 704 3647 comparuit.

350 3671 427 3733 ltem
460 3670 635 3752 Gregorius
659 3673 740 3734 Zuik
772 3685 881 3733 contra
912 3671 1052 3733 eundem
1084 3671 1223 3733 secunda
1259 3671 1414 3733 citacione
1444 3690 1510 3731 non

246 3778 433 3859 comparuit.

350 3883 429 3944 item
455 3884 567 3945 Kauka
591 3898 701 3945 contra
726 3883 803 3945 luan
828 3884 930 3965 prima
958 3883 1113 3944 citacione
1139 3902 1204 3943 non
1230 3881 1419 3962 comparuit.

350 3989 427 4049 ltem
451 3989 566 4069 Artuig
590 4004 700 4051 contra
724 3989 829 4050 Vanse
852 3989 956 4070 prima
980 3988 1135 4050 citacione
1160 4007 1224 4048 non
1252 3987 1441 4068 comparuit.

353 4093 431 4155 ltem
456 4094 629 4177 Endreylco
654 4108 763 4156 contra
788 4092 966 4175 Georgium
987 4109 1129 4155 sutorem
1153 4107 1279 4154 tenetur
1302 4093 1343 4153 ad
1367 4092 1426 4153 XV
1443 4092 1510 4152 dies

245 4198 449 4279 respondere.

350 4305 427 4365 ltem
453 4305 564 4366 Petrus
587 4304 672 4366 filius
688 4305 808 4367 Mathie
832 4319 941 4367 contra
960 4305 1180 4367 Nicolaum..
1199 4351 1206 4366 .
1223 4304 1401 4386 proposuit,
1420 4305 1510 4386 quod

244 4411 312 4492 ipse
336 4410 488 4471 Nicolaua
513 4411 629 4493 ipsum,
652 4411 755 4492 culpis
778 4411 843 4471 suia
867 4411 1157 4492 nonexigentibus‚
1181 4411 1390 4488 vulnerasset,
1414 4430 1510 4491 super

245 4517 362 4598 quibus
396 4514 473 4578 seria
509 4517 605 4579 tercia
637 4536 722 4578 nunc
753 4530 887 4578 ventura
919 4531 1044 4578 tenetur
1081 4519 1290 4599 comprobare
1323 4518 1510 4579 testimonio

245 4623 422 4705 fidedigno.

349 4800 482 4850 *Deeuut
501 4799 645 4851 citationes
668 4809 693 4850 et
713 4800 863 4850 Sententiae
888 4800 983 4850 mensis
1002 4800 1138 4850 Februarii
1161 4815 1243 4864 usqne
1266 4815 1380 4850 mensem
1400 4798 1509 4864 Jtaliuna.
