3488 5250
207 366 209 370 ⁸
279 352 340 394 212
666 338 752 394 Anno
774 333 865 413 1362.
889 371 932 381 -
955 352 1004 398 12.
1029 340 1155 412 augusti,

384 544 461 607 ltem
487 543 663 628 Gregorius
689 543 784 608 frater
816 548 892 608 Petlr
924 561 1034 609 contra
1058 548 1166 609 Petres
1197 547 1377 611 carnificem
1398 553 1541 612 testimo·

278 651 369 714 nium
393 651 569 734 producere
593 652 698 715 debet.

383 758 462 820 Item
486 771 599 821 octavo
624 759 675 821 die
701 759 788 822 Elias
811 780 928 842 parvus
952 773 1062 821 contra
1086 759 1288 822 Lukachium
1320 761 1412 823 llsich
1445 762 1541 826 debet

277 876 415 926 statuere
439 865 601 947 quendam
626 885 684 948 pro
709 885 774 948 quo
798 865 977 928 fideiubuit.

384 970 463 1032 ltem
486 970 690 1034 fideiussores
721 972 818 1035 luane
850 973 994 1034 mulieris
1026 986 1140 1034 octavo
1172 972 1224 1035 die
1249 973 1385 1036 eandem
1408 974 1541 1037 luanam

277 1089 385 1138 contra
412 1076 645 1159 Margaretham
670 1096 743 1139 cum
767 1077 895 1139 duobus
919 1077 1048 1160 judiciis
1070 1091 1208 1140 statuere
1231 1092 1390 1143 tenentur.

383 1183 460 1246 ltern
486 1182 626 1246 famulus
657 1184 812 1246 Johannis
843 1185 1020 1267 Netergerii
1053 1198 1167 1246 octavo
1197 1185 1249 1247 die
1281 1199 1390 1248 contra
1414 1187 1540 1271 Boynilr

277 1310 333 1372 per
357 1287 514 1351 famulum
540 1289 695 1352 Johannis
719 1290 851 1352 Barbaci
875 1303 905 1351 et
929 1289 1087 1352 famulum
1115 1290 1257 1353 hominis
1280 1292 1358 1354 luan
1381 1291 1438 1354 filii
1463 1293 1539 1355 luan

276 1415 372 1479 super
397 1396 621 1458 cruentacione
645 1395 865 1458 testimonium
890 1395 1067 1477 producere
1091 1395 1197 1459 debet.

372 1612 470 1687 Ferit
498 1623 597 1688 sexta
624 1617 779 1705 proxima
806 1622 884 1686 ante
912 1615 1035 1687 testum
1062 1616 1158 1687 beate
1185 1613 1282 1688 Elene
1310 1620 1433 1706 regine.

801 1775 862 1844 (12.
885 1768 1024 1843 augum).

381 1909 490 1970 Primo
514 1908 589 1991 quia
621 1908 733 1970 Mikou
766 1907 1004 1969 Martinkonem
1037 1908 1216 1969 verberavit
1245 1921 1276 1970 et
1307 1908 1421 1969 exinde
1451 1908 1538 1970 testi·

275 2015 387 2077 monio
410 2013 583 2077 sufficienti
608 2012 667 2076 fuit
691 2014 867 2093 convictus,
891 2014 971 2096 parti
994 2013 1126 2076 adverse
1151 2034 1247 2076 unam
1273 2033 1413 2076 marcam
1438 2027 1469 2076 et
1491 2013 1538 2096 ju-

274 2121 337 2183 dici
361 2122 501 2184 mediam
525 2121 649 2183 solvere
673 2120 779 2199 debet,
803 2134 834 2182 et
850 2119 925 2202 quia
945 2133 994 2182 ter
1017 2120 1130 2182 citatus
1155 2139 1219 2181 non
1244 2120 1433 2203 comparuit,
1459 2119 1536 2182 ideo

275 2227 307 2287 in
332 2226 459 2289 duobus
483 2226 609 2308 judiciis
636 2225 798 2289 remansit.

380 2333 458 2395 Item
482 2352 576 2397 causa
601 2352 664 2415 que
688 2331 820 2393 vertitur
845 2331 926 2393 inter
955 2349 1088 2392 uxorem
1112 2331 1240 2393 Martini
1266 2351 1395 2394 mosnar
1418 2344 1450 2394 et
1473 2351 1537 2394 ser·

274 2439 418 2500 vitricem
442 2459 532 2500 suam
557 2438 597 2500 ad
622 2450 695 2500 octo
720 2437 788 2500 dies
811 2457 867 2520 per
890 2450 987 2500 testes
1010 2451 1056 2499 est
1079 2436 1119 2498 ad
1144 2456 1255 2518 pacem
1279 2450 1460 2519 prorogata.

382 2544 460 2606 Item
484 2544 558 2606 licet
574 2544 731 2606 Martinus
754 2555 844 2606 sutor
867 2563 923 2627 per
939 2556 1034 2605 testes
1056 2542 1203 2626 ydoneos
1227 2555 1337 2604 contra
1361 2542 1537 2625 Symonem

273 2662 414 2711 sutorem
437 2651 574 2731 probare
609 2649 831 2731 assumpsisset
854 2648 942 2731 quod
975 2649 1034 2711 sibi
1060 2668 1158 2710 unam
1189 2667 1329 2710 marcam
1353 2666 1418 2709 non
1442 2646 1537 2709 dimi·

273 2755 374 2834 sisset,
398 2767 506 2817 tamen
531 2768 627 2817 testes
651 2773 726 2817 eum
751 2754 783 2815 in
806 2754 992 2817 testimonio
1017 2754 1217 2816 dimiserunt.

380 2860 458 2921 Item
482 2859 578 2921 luech
602 2875 716 2921 octavo
741 2859 792 2921 die
817 2880 850 2922 se
874 2860 991 2921 tercius
1007 2873 1116 2921 contra
1141 2859 1320 2921 Johannem
1346 2858 1479 2942 Jarycha
1503 2860 1535 2921 in

273 2966 438 3049 vituperiis
461 2966 643 3049 juramento
668 2964 829 3026 mediante
853 2985 886 3027 se
911 2965 1006 3027 debet
1034 2983 1218 3047 expurgare.

377 3072 456 3133 Item
479 3071 721 3154 quintodecimo
746 3070 798 3132 die
822 3071 967 3133 Andreas
988 3070 1028 3132 de
1053 3070 1165 3152 Spinal
1188 3070 1267 3152 jura,
1292 3071 1317 3131 si
1343 3090 1406 3152 que
1431 3084 1466 3132 ut
1489 3091 1536 3132 as·

275 3178 373 3240 seruit
395 3177 553 3257 habuerit,
577 3192 687 3239 contra
712 3177 779 3260 jura
796 3177 920 3239 domini
934 3176 1088 3239 Johannis
1106 3176 1210 3259 Crispi
1230 3177 1407 3259 producere
1431 3177 1536 3240 debet.

377 3283 454 3345 Item
480 3302 574 3345 causa
598 3303 660 3365 que
685 3284 817 3345 vertitur
841 3283 923 3346 inter
947 3282 1119 3345 Crisanum
1143 3296 1175 3345 et
1197 3302 1353 3364 generum
1378 3302 1472 3345 suum
1496 3283 1536 3344 ad

272 3403 346 3451 octo
370 3389 438 3451 dies
462 3403 508 3451 est
532 3389 572 3451 ad
596 3408 707 3471 pacem
731 3402 912 3471 prorogata

378 3495 457 3558 ltem
481 3494 643 3567 Silentich
659 3508 769 3557 contra
793 3495 995 3578 Merclynum
1021 3495 1202 3577 cirologum
1227 3494 1267 3556 ad
1299 3508 1372 3556 octo
1396 3494 1464 3556 dies
1488 3513 1536 3556 re·

272 3601 356 3682 cepit
379 3601 552 3663 terminum
577 3600 618 3662 ad
642 3600 913 3682 respondendum.

378 3707 455 3770 Item
481 3706 642 3769 Johannes
666 3719 775 3768 contra
801 3708 916 3768 Katam
949 3707 989 3769 ad
1014 3719 1087 3768 octo
1120 3706 1188 3768 dies
1220 3705 1339 3788 recepit
1362 3707 1535 3770 terminum

271 3813 311 3875 ad
335 3811 596 3894 respondendum
621 3812 670 3873 vel
695 3811 735 3873 ad
760 3832 882 3893 pacem.

378 3918 455 3979 ltem
480 3936 660 3999 causaque
693 3917 824 3979 vertitur
856 3918 939 3980 inter
970 3917 1059 3979 Banlr
1088 3931 1118 3979 et
1149 3917 1320 3979 Nicolaum
1352 3917 1470 3980 ruffum
1494 3918 1535 3980 ad

271 4038 344 4086 octo
368 4023 436 4084 dies
460 4036 507 4085 est
530 4023 571 4084 ad
594 4043 706 4106 pacem
729 4038 910 4106 prorogata.

376 4128 454 4190 Item
480 4128 556 4190 Sida
587 4142 618 4191 et
650 4129 806 4191 Salomon
838 4142 948 4190 contra
981 4129 1057 4190 luan
1091 4127 1271 4210 cirologum
1306 4127 1346 4190 ad
1369 4140 1443 4191 octo
1467 4128 1535 4192 dies

271 4247 458 4316 receperunt
481 4235 654 4297 terminum
679 4235 719 4296 ad
744 4234 1016 4316 respondendum.

375 4339 454 4401 Item
476 4341 629 4402 Nicolaus
652 4340 778 4402 lolrotar
802 4354 911 4402 contra
935 4340 1106 4402 Nicolaum
1131 4339 1248 4401 ruffum
1280 4341 1385 4422 primo
1421 4341 1534 4404 citatus

269 4464 334 4507 non
360 4446 549 4528 comparuit.

374 4551 453 4614 Item
479 4551 669 4614 Benedictus
693 4552 822 4634 sellipar
845 4565 955 4614 contra
979 4551 1149 4614 Nicolaum
1174 4551 1298 4614 Kordar
1322 4552 1465 4615 secundo
1490 4551 1533 4614 ci-

268 4669 353 4718 tatus
376 4676 442 4720 non
470 4658 659 4740 comparuit.

375 4764 454 4826 Item
478 4783 572 4828 causa
596 4784 659 4847 que
682 4764 815 4827 vertitur
832 4764 913 4826 inter
935 4783 1094 4847 generum
1110 4763 1281 4827 Radozlou
1304 4776 1336 4827 et
1360 4766 1477 4848 Mykus
1491 4763 1534 4828 ad

268 4880 343 4930 octo
365 4868 435 4933 dies
458 4869 569 4935 estad
591 4888 704 4954 pacem
727 4882 911 4954 prorogata.
