3488 5250
237 316 277 377 72
611 298 697 355 Anno
722 294 811 374 1356.
836 330 879 339 -
903 311 937 372 9.
961 299 1119 368 decembris.

290 512 375 587 leta
404 526 503 587 sexta
531 518 684 605 proxima
711 523 789 604 post
816 516 939 587 festam
967 518 1194 604 concepcionis
1222 516 1318 586 beate
1346 516 1451 586 llarie

790 641 944 727 virginis.

757 805 800 866 (9.
824 792 995 866 decembris).

236 1005 238 1008 .
267 992 269 1001 .
344 932 453 993 Primo
466 931 589 1012 Chegel
607 948 716 994 contra
730 932 895 994 Grdauam
908 932 1013 1013 primo
1027 931 1147 1010 judicio
1160 946 1286 995 tenetur
1298 933 1502 1014 respondere.

343 1036 422 1098 ltem
440 1039 547 1100 Petras
564 1037 704 1100 carnifex
721 1052 830 1100 contra
847 1037 977 1099 Petrum
1007 1036 1134 1099 fratrem
1154 1039 1228 1100 Jaxe
1257 1051 1382 1100 tenetur
1397 1038 1503 1119 primo

239 1141 361 1222 judicio
384 1144 589 1225 respondere.

342 1248 420 1310 ltem
446 1250 603 1311 Martinus
634 1250 755 1329 juratus
787 1264 895 1313 contra
930 1252 1039 1312 Maren
1065 1249 1160 1310 Zolar
1192 1248 1230 1310 ad
1255 1248 1396 1330 primum
1421 1247 1503 1326 iudi-

238 1354 324 1435 cium
349 1357 519 1437 assumpsit
542 1357 717 1418 terminum
741 1358 781 1417 ad
806 1357 1080 1439 respondendum.

246 1519 248 1522 ,
343 1461 422 1523 Item
448 1463 604 1523 Martinus
628 1463 747 1541 juratus
784 1478 893 1525 contra
917 1464 1047 1525 Petrum
1072 1461 1200 1523 Mekina
1224 1461 1265 1522 ad
1289 1461 1429 1542 primum
1454 1458 1502 1539 ju-

240 1565 360 1626 dicium
383 1569 553 1648 assumpsit
575 1569 749 1629 terminum
773 1568 812 1629 ad
838 1568 1110 1649 respondendum.

344 1672 421 1734 ltem
448 1671 578 1734 Obraad
603 1688 711 1735 contra
737 1674 836 1735 Petko
860 1675 964 1756 primo
989 1674 1103 1735 citatus
1125 1693 1191 1735 non
1215 1671 1403 1753 comparuit.

345 1778 423 1840 ltem
449 1779 562 1840 eadem
586 1780 637 1841 die
654 1781 798 1841 Andreas
823 1779 911 1842 faber
928 1780 1068 1841 concivis
1085 1792 1193 1840 noster
1216 1797 1311 1860 super
1335 1798 1400 1839 uno
1418 1795 1502 1858 equo

239 1883 358 1944 nobilis
382 1885 439 1945 viri
465 1885 606 1967 magistri
631 1885 771 1962 Thome‚
796 1886 957 1948 castellani
989 1887 1028 1946 de
1062 1885 1190 1963 Medue,
1221 1903 1319 1966 quem
1344 1884 1411 1965 ipse
1437 1902 1503 1944 ma·

241 1988 338 2069 gister
370 1988 515 2051 Thomas
547 1991 673 2053 dicebat
705 2012 771 2053 esse
804 1991 964 2073 perditum
989 2011 1045 2074 per
1077 1990 1241 2052 andream
1272 1989 1504 2071 supradictum,

239 2109 304 2155 met
328 2096 445 2157 tercius
469 2097 616 2158 similiter
647 2097 770 2158 civibus
801 2097 950 2179 deposuit
979 2096 1195 2176 juramentum
1219 2108 1304 2156 etse
1338 2093 1378 2155 de
1403 2113 1503 2154 asser-

240 2203 333 2263 cione
364 2203 463 2284 ipsius
496 2203 636 2284 magistri
661 2203 790 2265 Thome
822 2218 975 2284 tanquam
1007 2203 1160 2264 immunis
1190 2201 1410 2281 sollempniter
1446 2218 1499 2259 ex-

240 2308 397 2390 purgavit.

345 2413 423 2475 ltem
463 2415 634 2495 assumpsit
672 2414 803 2476 domina
842 2415 959 2496 Madga
998 2415 1122 2476 solvere
1162 2413 1334 2475 conventui
1374 2411 1502 2473 claustri

239 2519 325 2580 beati
351 2519 475 2580 Nicolai
500 2519 529 2580 X
554 2540 674 2581 marcas
699 2539 770 2581 cum
785 2520 890 2581 media
915 2540 1016 2601 usque
1035 2519 1150 2581 festum
1175 2518 1348 2580 nativitatis
1371 2517 1504 2578 Domini

241 2643 326 2685 nunc
350 2639 532 2701 venturum,
556 2603 681 2686 sibero
707 2645 771 2686 non
797 2627 957 2707 persolvet
984 2626 1067 2706 ipsas
1091 2626 1120 2686 X
1145 2644 1266 2685 marcas
1289 2642 1362 2685 cum
1386 2622 1504 2701 media,

241 2741 356 2790 extunc
380 2729 597 2810 possessiones
620 2750 693 2791 suas
716 2730 802 2792 dicto
827 2732 999 2792 conventui
1023 2744 1210 2792 statuemus.

347 2833 424 2895 ltem
450 2836 589 2896 Munech
613 2851 721 2897 contra
745 2827 928 2898 Arnoldum
953 2838 1058 2919 primo
1087 2837 1199 2897 citatus
1223 2853 1288 2896 non
1314 2832 1504 2915 comparuit.

347 2940 424 3002 ltem
449 2955 564 3003 octavo
590 2942 641 3003 die
677 2943 856 3004 concubina
882 2944 1006 3005 Nicolai
1031 2942 1108 3004 fisici
1142 2956 1251 3003 contra
1275 2940 1418 3001 Blasium
1443 2953 1504 2999 sta·

242 3045 420 3107 cionarium
445 3060 511 3109 met
533 3048 629 3109 tercia
651 3048 778 3109 racione
811 3049 1014 3128 quorundam
1048 3047 1268 3129 garofolorum
1299 3058 1425 3107 tenetur
1449 3043 1504 3105 de-

240 3168 359 3231 ponere
383 3151 598 3230 juramentum
623 3172 719 3234 super
750 3172 799 3232 eo,
831 3152 919 3234 quod
944 3154 1029 3235 ipsos
1062 3152 1226 3235 garofolos
1256 3152 1316 3214 sibi
1340 3170 1405 3212 non
1430 3151 1504 3212 sub-

240 3256 358 3333 straxit,
383 3276 441 3318 nec
466 3277 578 3319 eorum
603 3256 706 3319 furem
730 3259 833 3320 sciret.

345 3362 423 3423 ltem
447 3383 542 3425 causa
566 3383 629 3444 que
660 3365 793 3425 vertitur
820 3365 901 3426 inter
931 3365 1073 3426 relictam
1098 3364 1238 3426 Gilionis
1269 3377 1300 3425 et
1323 3363 1497 3424 Martinam

243 3466 366 3548 Reyniz
391 3469 429 3529 ad
455 3489 566 3550 pacem
591 3470 630 3530 ad
655 3470 796 3551 primum
820 3471 975 3552 judicium
1000 3485 1044 3532 est
1068 3485 1249 3553 prorogata.

347 3572 426 3634 ltem
444 3594 537 3635 causa
561 3594 624 3655 que
640 3574 773 3636 vertitur
797 3577 878 3636 inter
895 3577 920 3638 J.
939 3575 1047 3638 Ordus
1072 3590 1102 3637 et
1119 3576 1332 3637 Laurencium
1348 3571 1503 3635 Wardich

244 3676 284 3735 ad
308 3691 380 3738 octo
406 3679 474 3740 dies
498 3694 544 3742 est
567 3695 738 3762 prorogati
764 3682 803 3741 ad
828 3702 949 3763 pacem.

346 3782 427 3844 ltem
452 3785 528 3845 luan
560 3805 659 3866 gener
692 3787 836 3847 Radsech
873 3802 981 3849 contra
1013 3790 1088 3849 luan
1115 3788 1236 3848 dictum
1260 3785 1374 3847 Zuizth
1398 3785 1503 3866 primo

244 3886 356 3947 citatus
385 3908 449 3950 non
474 3892 662 3972 comparuit.

348 3994 426 4056 Item
457 3997 496 4057 N.
529 3996 569 4057 de
600 3996 790 4058 Wurnouch
822 4013 931 4060 contra
963 3998 1130 4060 Elizabeth
1159 3999 1263 4080 primo
1294 3997 1407 4058 citatus
1438 4014 1503 4056 non

244 4099 431 4178 comparuit.

350 4203 426 4264 ltem
451 4206 527 4285 quia
552 4206 661 4267 Maren
686 4221 784 4285 sutor,
807 4209 933 4270 Mikech
951 4209 1053 4271 filium
1080 4209 1194 4271 Hench
1217 4211 1323 4271 verbis
1345 4208 1503 4290 turpibus,

245 4309 462 4388 opprobriosis
494 4331 529 4371 ac
562 4312 726 4393 vituperiis
758 4311 966 4395 pertractavit
989 4330 1019 4377 et
1054 4336 1091 4377 ex
1115 4315 1176 4378 hoc
1206 4313 1391 4377 testimonio
1426 4311 1505 4374 fide·

246 4411 416 4492 dignorum
441 4416 560 4476 civium
584 4414 643 4477 fuit
667 4421 867 4499 aprobatum,
892 4421 965 4483 ideo
982 4423 1147 4483 convictus
1170 4422 1264 4483 estin
1289 4421 1408 4501 judicio
1426 4420 1504 4480 dua·

245 4535 315 4577 rum
340 4537 517 4581 marcarum
543 4540 600 4601 pro
624 4536 712 4602 parte
737 4525 867 4586 adversa
892 4540 923 4588 et
946 4528 1109 4595 inmedia
1133 4548 1190 4609 pro
1214 4527 1329 4607 judice.

350 4624 427 4685 Item
452 4624 536 4686 filius
561 4624 721 4688 Christine
753 4644 862 4691 contra
886 4631 1093 4713 Compariam
1125 4632 1267 4693 secundo
1302 4632 1415 4694 citatus
1436 4653 1503 4695 non

248 4728 437 4808 comparuit.
