3488 5250
644 361 842 438 Ann01357·
869 397 909 405 -
933 372 961 438 7·
977 361 1062 438 J'ulii·
1446 379 1488 446 97

332 569 411 631 Item
435 570 543 632 Petres
566 571 706 634 carnifex
731 585 839 634 contra
866 571 996 654 Endrey
1027 572 1149 633 dictum
1173 572 1249 634 Ksel
1281 573 1424 635 secundo
1440 558 1492 635 ⁴ci·

225 688 310 737 tatus
334 695 399 737 non
423 677 612 758 comparuit.

331 781 410 844 Item
434 781 542 843 Petres
558 781 698 844 carnifex
711 796 820 845 contra
839 783 1048 844 Benedictum
1062 782 1201 864 Cerugel
1217 783 1360 846 secundo
1376 784 1494 847 citatus

229 907 293 949 non
318 887 506 970 comparuit.

333 994 411 1056 Item
436 994 528 1056 Vitus
544 994 628 1056 filius
645 993 793 1056 Kuchiue
823 1008 933 1057 contra
951 996 1096 1056 Marcum
1123 996 1266 1057 secundo
1288 996 1403 1059 citatus
1425 1016 1491 1059 non

229 1100 418 1182 comparuit.

335 1206 411 1267 Item
438 1205 463 1266 si
496 1224 598 1287 usque
630 1205 716 1267 diem
748 1219 897 1267 octavum
930 1206 1086 1268 Martinus
1117 1207 1200 1270 filius
1230 1208 1386 1270 Anthouii
1419 1227 1492 1270 cum

229 1309 400 1373 sufficienti
424 1311 610 1374 testimonio
627 1312 742 1393 poterit
759 1313 969 1393 comprobare
994 1312 1080 1392 quod
1099 1312 1214 1375 domus
1230 1313 1370 1395 quedam
1387 1313 1492 1395 lignea

229 1416 393 1478 nuncdum
418 1416 450 1477 in
483 1415 584 1478 fundo
609 1416 714 1479 balnei
739 1417 817 1478 olim
854 1417 996 1489 Nicoleti¹
1022 1418 1168 1497 existens,
1200 1432 1272 1501 post
1308 1418 1491 1500 inpignora-

230 1521 357 1582 cionem
383 1522 527 1583 eiusdem
560 1522 665 1583 balnei
693 1522 753 1583 sibi
787 1523 828 1585 M.
859 1541 916 1604 per
939 1521 1117 1604 predictum
1149 1523 1332 1584 Nicoletum
1365 1521 1491 1602 factam,

232 1625 292 1688 fuit
316 1641 506 1706 constructa,
531 1628 612 1688 bene
636 1627 779 1709 quidem,
804 1627 949 1708 alioquin
981 1627 1070 1690 solus
1093 1628 1161 1709 ipse
1187 1627 1342 1689 Martinus
1376 1627 1493 1709 jurabit

231 1733 319 1814 quod
344 1745 415 1815 post
439 1734 540 1815 ipsam
565 1733 861 1814 inpignoracionetn
888 1733 1044 1795 inibidem
1068 1731 1128 1794 fuit
1151 1746 1343 1795 constructa.

336 1841 412 1902 Item
439 1840 546 1901 Petres
570 1838 709 1900 carnifex
733 1853 843 1902 contra
867 1839 1038 1901 Nicolaum
1062 1840 1134 1901 Zirk
1159 1840 1265 1922 primo
1289 1840 1403 1901 citatus
1426 1859 1491 1901 non

233 1944 421 2026 comparuit.

337 2051 414 2112 Item
440 2050 632 2112 Lourandus
654 2063 781 2113 tenetur
804 2049 929 2112 solvere
953 2050 1088 2112 Nicolao
1112 2050 1205 2111 viridi
1230 2049 1284 2111 1111
1308 2069 1422 2132 pensas
1439 2049 1493 2112 de·

231 2156 394 2217 uariorum
420 2176 522 2238 usque
546 2147 725 2238 quindenas
749 2168 779 2218 et
795 2157 820 2216 si
845 2175 910 2217 non
935 2155 1039 2217 solvet
1055 2155 1250 2218 detinebitur
1266 2174 1368 2237 usque
1384 2175 1493 2238 perso-

156 2321 162 2329 ,
231 2261 404 2323 lucionem.

336 2368 413 2430 item
438 2387 531 2429 causa
557 2388 620 2449 que
632 2367 765 2431 vertitur
786 2368 868 2430 inter
886 2365 1071 2429 Gabrielem
1087 2366 1190 2428 filium
1207 2366 1331 2429 Pauleti
1347 2380 1379 2429 et
1394 2368 1491 2430 Kate-

231 2474 333 2534 riuam
358 2473 455 2535 filiam
482 2474 626 2536 eiusdem
650 2475 684 2538 P.
703 2474 742 2535 ad
768 2487 841 2536 octo
866 2473 934 2534 dies
958 2472 998 2533 ad
1013 2473 1285 2554 composicionem
1311 2486 1343 2534 et
1365 2473 1494 2535 ordina-

231 2579 356 2640 cionem
383 2582 558 2661 proborum
583 2581 723 2641 virorum
749 2599 806 2662 per
828 2591 934 2662 partes
962 2578 1150 2639 effectorum
1175 2591 1205 2640 et
1228 2577 1492 2641 adducendorum

231 2698 277 2747 est
301 2698 480 2768 prorogata.

339 2792 415 2853 ltem
441 2811 534 2853 causa
559 2811 621 2873 que
650 2791 783 2853 vertitur
815 2791 896 2851 inter
920 2790 1085 2871 Zugauam
1117 2803 1148 2852 et
1171 2789 1284 2851 Pinam
1308 2790 1367 2852 sub
1391 2788 1494 2851 forma

231 2899 318 2980 pacis
341 2899 381 2960 ad
406 2912 479 2960 octo
504 2898 573 2960 dies
596 2910 643 2959 est
666 2908 847 2980 prorogata.

336 3005 413 3065 Item
439 3005 477 3066 N.
502 3003 586 3065 filius
609 3003 762 3065 luandiak
786 3016 900 3064 octavo
924 3001 976 3062 die
1004 3014 1113 3062 contra
1139 3003 1251 3062 Annos
1275 3020 1331 3083 per
1354 3001 1490 3063 luanum

230 3112 354 3173 Kussan
380 3130 474 3194 super
490 3111 666 3193 vituperiis,
683 3124 717 3171 ut
740 3109 865 3171 dicebat
882 3109 915 3169 iu
939 3127 1030 3169 suam
1059 3125 1191 3168 uxorem
1215 3106 1323 3185 illatis,
1346 3108 1490 3170 testimo·

232 3218 320 3279 nium
346 3217 523 3300 producere
547 3229 681 3279 tenetur.

338 3323 416 3385 ltem
441 3324 576 3385 Peterlro
600 3335 688 3384 sutor
712 3334 822 3383 contra
853 3320 974 3383 Paulek
1005 3319 1108 3381 filium
1132 3317 1292 3381 Leunardi
1318 3319 1423 3402 primo
1448 3320 1494 3380 ci·

230 3442 314 3491 tatus
338 3449 403 3491 non
428 3429 617 3510 comparuit.

232 3631 325 3716 Nota,
354 3631 438 3719 qood
468 3630 553 3701 feria
580 3637 680 3700 sexta
707 3631 863 3717 proxima
891 3636 968 3699 ante
987 3628 1109 3698 festum
1137 3642 1254 3698 sancte
1283 3627 1495 3714 Margarethe

781 3773 936 3841 vrrgrms.

785 3906 827 3981 (7.
843 3906 940 3981 julii).

335 4049 442 4110 Primo
467 4067 559 4109 causa
577 4067 639 4127 que
657 4045 788 4108 vertitur
805 4045 886 4106 inter
910 4042 1129 4106 balneatorem
1153 4041 1263 4103 Gerini
1289 4054 1320 4102 et
1345 4041 1371 4104 J.
1389 4038 1492 4101 filium

232 4156 267 4216 L.
292 4155 331 4215 ad
357 4173 467 4235 pacem
493 4153 532 4214 ad
558 4166 630 4213 octo
655 4151 723 4213 dies
746 4164 793 4211 est
817 4162 997 4231 prorogata.

337 4261 413 4320 Item
439 4279 531 4320 causa
558 4277 620 4338 que
645 4257 777 4318 vertitur
801 4256 882 4317 inter
904 4254 1022 4315 Trosth
1041 4267 1071 4314 et
1088 4253 1193 4334 ipsum
1210 4250 1428 4312 balneatorem
1453 4249 1493 4310 ad

231 4381 304 4429 octo
330 4366 398 4428 dies
421 4364 460 4427 ad
487 4384 598 4445 pacem
622 4377 668 4424 est
692 4377 874 4445 prorogata.

337 4473 414 4534 Item
448 4471 584 4532 Michael
620 4483 650 4530 et
685 4468 848 4530 Arnoldus
880 4479 989 4528 contra
1021 4465 1130 4526 Virum
1166 4463 1271 4545 primo
1304 4461 1390 4522 citati
1428 4479 1493 4521 non

231 4590 490 4659 comparuerunt.

337 4685 415 4744 Item
451 4682 595 4742 Thomas
631 4700 766 4760 magnus
801 4692 910 4740 contra
950 4676 1092 4737 Blasium
1129 4674 1234 4756 primo
1274 4672 1388 4734 citatus
1427 4688 1493 4732 non

232 4789 421 4871 comparuit.

1387 4887 1406 4949 7
