3488 5250
238 571 325 631 bavit
349 570 380 630 in
406 569 563 648 debitum,
587 589 653 651 quo
677 568 762 630 idem
788 570 827 630 N.
853 569 958 630 eidem
981 568 1131 631 Cristano
1161 581 1287 631 tenetur
1315 568 1354 630 Vl
1379 567 1449 631 flor.
1475 584 1506 631 et

238 676 325 737 XXII
352 675 510 736 denarios.
1216 690 1219 695 ·

343 782 421 842 Item
446 781 522 862 quia
546 781 653 842 Petres
680 779 800 861 juratus
826 793 943 842 ,contra
974 781 1142 842 dominum
1167 780 1274 842 Deseu
1305 781 1506 843 sacerdotem

239 901 270 949 et
293 887 362 949 eius
385 885 592 966 jobagionem
618 886 663 948 St.
687 898 815 968 recepto
839 886 898 947 sibi
924 887 964 947 ad
988 886 1249 968 respondendum
1274 886 1414 948 termino
1438 905 1505 948 non

240 993 329 1053 venit
353 1012 412 1053 nec
449 993 546 1070 misit,
578 991 652 1052 ideo
684 989 762 1053 feria
794 1005 880 1054 sexta
913 991 1136 1054 deliberabunt
1165 991 1245 1072 quid
1281 990 1358 1071 juris
1389 990 1443 1054 fiet
1474 992 1506 1053 in

237 1097 298 1159 hac
324 1112 423 1179 parte.

347 1202 424 1263 ltem
449 1222 542 1264 causa
567 1202 713 1263 similiter
731 1202 841 1264 Jacobi
857 1203 933 1263 Kun
957 1216 1065 1265 contra
1082 1202 1225 1264 Henrich
1245 1202 1444 1264 Tetonicum
1460 1215 1506 1263 est

241 1307 281 1368 ad
307 1306 418 1370 feriam
442 1321 562 1370 sextam
588 1321 768 1390 prorogata.

347 1431 425 1492 Item
444 1431 605 1493 Henricus
621 1430 752 1513 pellifex
769 1447 879 1494 contra
902 1432 1064 1515 quandam
1080 1430 1251 1492 mulierem
1264 1451 1362 1513 quam
1380 1412 1506 1493 Marcus

240 1537 280 1598 ad
306 1535 548 1600 fideiussionem
573 1552 735 1619 receperat
758 1557 824 1599 non
848 1539 937 1601 venit
960 1557 1018 1600 nec
1035 1538 1130 1616 misit,
1155 1556 1214 1598 nec
1239 1537 1403 1617 quendam
1428 1557 1505 1618 pue-

241 1662 311 1704 rum
339 1663 436 1724 quem
460 1657 598 1706 statuere
623 1644 771 1722 debebat,
795 1656 931 1706 statuere
959 1642 1091 1731 curavit.

301 1896 395 1982 Nota,
424 1898 513 1986 quod
542 1897 627 1968 teria
655 1906 755 1969 sexta
785 1906 863 1969 ante
891 1898 1090 1970 dominicam
1119 1897 1439 1986 Ramispalmarum.
1498 1911 1501 1917 ·

766 2070 829 2145 (24.
852 2070 978 2144 martir).

258 2304 261 2309 Ι
346 2225 453 2286 Primo
478 2226 576 2286 tercia
600 2224 678 2286 feria
702 2239 835 2286 ventura
867 2227 974 2307 Matey
1005 2223 1089 2286 filius
1113 2223 1275 2306 Leypoidi
1302 2237 1414 2284 contra
1444 2222 1505 2284 fra-

239 2344 301 2390 tres
320 2331 464 2411 ,minores
497 2330 614 2411 jurabit
645 2330 734 2411 quod
769 2330 856 2392 idem
892 2328 1003 2392 fratres
1037 2330 1097 2391 sibi
1129 2330 1187 2391 XL
1223 2348 1333 2391 currus
1368 2327 1506 2391 cementi

240 2450 399 2498 tenentur.
1406 2436 1407 2441 ’

280 2622 282 2626 ¹
347 2543 426 2603 ltem
458 2540 553 2603 irater
588 2541 750 2602 lohannes
783 2540 1025 2623 visegardianus
1055 2540 1226 2622 requisitus
1259 2558 1314 2621 per
1347 2538 1433 2620 Span
1465 2538 1506 2599 de

159 2718 163 2723 ⁴
239 2648 407 2709 solucione
431 2647 521 2708 XXX
555 2646 748 2708 cubulorum
780 2647 946 2728 respondit
978 2660 1008 2708 et
1030 2645 1201 2708 affirmavit
1232 2664 1306 2706 eum
1333 2644 1505 2706 conventui

239 2772 298 2814 suo
324 2754 414 2813 XXX
439 2753 573 2813 cubulos
597 2752 732 2814 solvere.

349 2859 425 2919 Item
459 2850 553 2920 causa
586 2858 741 2919 lobannis
771 2857 828 2920 filii
862 2858 991 2920 Kordus
1021 2873 1130 2920 contra
1161 2859 1324 2940 Filippum
1357 2858 1390 2919 in
1422 2856 1505 2919 lacto

241 2965 408 3026 cuiusdam
433 2965 549 3025 domus
573 2979 671 3042 mota,
696 2979 741 3026 est
761 2965 870 3029 ,taliter
895 2965 1031 3041 decreta,
1063 2965 1200 3046 quodsi
1229 2964 1315 3033 idem
1339 2963 1507 3046 Philippus

242 3090 345 3150 usque
370 3069 481 3131 feriam
506 3084 626 3131 sextam
650 3070 829 3150 proximam
855 3085 926 3150 post
950 3069 1065 3131 festum
1094 3069 1320 3131 Pentechostes
1343 3070 1450 3130 veniet
1475 3082 1506 3130 et

241 3176 451 3235 instrumenta
475 3160 641 3256 producet,
666 3177 748 3236 bene
772 3176 915 3257 quidem,
939 3176 1018 3237 alias
1035 3175 1199 3237 decidetur
1223 3195 1316 3237 causa
1341 3195 1400 3256 pro
1417 3186 1506 3256 parte

240 3280 338 3340 altera
361 3279 439 3364 juris
462 3280 575 3341 ordine
605 3281 777 3343 mediante.

346 3385 424 3445 ltem
441 3405 535 3446 causa
553 3385 663 3447 Jacobi
688 3387 763 3447 Kun
788 3400 897 3448 contra
917 3387 1117 3469 Merclynum
1133 3387 1266 3447 nomine
1284 3384 1507 3467 quorumdam

241 3509 372 3551 suorum
390 3490 599 3571 jobagionum
622 3511 679 3573 per
694 3506 788 3553 testes
812 3494 939 3574 previos
960 3492 1000 3554 ad
1017 3491 1129 3553 leriam
1152 3505 1274 3552 sextam
1297 3505 1370 3573 post
1387 3488 1505 3552 festum

242 3596 338 3656 Pasce
363 3610 408 3656 est
432 3611 602 3677 prorogata
626 3600 685 3658 sub
710 3596 812 3659 forma
837 3600 934 3679 pacis,
959 3612 990 3659 et
1013 3617 1106 3659 causa
1134 3597 1289 3658 lobannis
1313 3595 1393 3658 fabri
1418 3597 1507 3658 simi·

240 3701 312 3762 liter
337 3716 445 3762 contra
471 3701 620 3763 eundem.
926 3691 929 3698 ’

347 3806 425 3867 ltem
450 3807 562 3869 eadem
587 3806 664 3869 feria
681 3821 768 3869 sexta
790 3809 896 3891 Matey
914 3808 1043 3889 jobagio
1060 3808 1300 3870 communitatis
1315 3828 1372 3890 per
1389 3806 1507 3871 Palech

242 3927 350 3974 contra
361 3913 473 3973 Petren
483 3932 579 3994 super
589 3914 732 3995 quinque
741 3915 859 3975 troncis
872 3933 969 3996 apum
979 3915 1198 3976 testimonium
1210 3914 1385 3996 producere
1398 3913 1504 3976 debet.

347 4036 424 4097 ltem
449 4037 590 4118 predicta
615 4035 691 4099 feria
716 4052 802 4099 sexta
834 4038 943 4099 relicta
968 4039 1075 4120 Matey
1099 4039 1163 4099 ceci
1190 4052 1299 4099 contra
1326 4037 1507 4117 Georgium

243 4141 374 4204 Gianini
399 4161 456 4222 per
476 4142 682 4204 Anthonium
708 4143 855 4224 Vydonis
878 4157 910 4205 et
941 4143 1132 4205 Michaelem
1164 4144 1331 4226 Pintilracy
1363 4143 1508 4204 testimo·

242 4247 343 4324 nium,
367 4247 455 4327 quod
481 4266 551 4308 eam
575 4249 801 4327 vulneraverit,
826 4247 992 4329 producet.
1502 4310 1504 4315 ,

348 4352 424 4412 ltem
457 4353 601 4414 Baboieb
633 4373 734 4434 usque
766 4354 945 4433 quindenas
975 4368 1101 4415 tenetur
1131 4355 1256 4415 solvere
1286 4355 1325 4418 N.
1356 4353 1507 4417 Todcam

242 4457 321 4516 duas
346 4477 467 4518 marcas
491 4471 522 4519 et
546 4458 642 4538 judici
668 4458 820 4521 mediam.

348 4579 424 4641 Item
449 4600 542 4641 causa
567 4581 690 4642 domini
719 4581 824 4642 Deseu
856 4582 1029 4644 sacerdotis
1053 4596 1084 4644 et
1114 4581 1298 4663 jobagionis
1321 4583 1369 4644 sui
1394 4566 1506 4646 contra

243 4681 349 4744 Petres
373 4685 510 4764 juratum
535 4699 624 4747 mota
656 4687 689 4747 in
713 4684 797 4748 facto
821 4687 1030 4769 potenciario,
1054 4687 1222 4766 declarata,
1247 4702 1293 4750 est
1316 4691 1376 4750 sub
1400 4686 1508 4750 forma

242 4787 328 4866 pacis
350 4791 391 4852 ad
414 4791 590 4874 predictam
615 4789 726 4853 feriam
750 4805 870 4854 sextam
894 4806 1073 4874 prorogata.
