3488 5250
304 346 343 427 38
682 348 765 406 Anno
789 359 876 423 1355.
902 381 943 390 —
968 358 1016 423 27.
1040 349 1208 406 novembris.

409 557 486 620 Item
511 559 543 619 In
568 557 742 639 quindenis
765 558 804 619 N.
829 557 914 619 filius
947 557 1051 639 Bolog
1075 571 1199 620 tenetur
1223 557 1347 620 solvere
1371 558 1514 621 Franche
1539 559 1563 619 II

302 663 369 728 flor.
392 684 465 726 curn
491 664 609 726 medio,
1140 744 1142 749 .

407 771 486 858 Item
503 770 547 834 St.
558 770 654 852 judex
671 770 786 832 eodem
804 769 856 832 die
870 770 902 831 id
913 770 1000 852 quod
1017 770 1083 853 ipse
1102 771 1246 833 Francha
1258 770 1411 833 adfidem
1424 770 1556 853 recipiet

360 969 458 1045 FerIa
487 981 587 1043 sexta
615 972 769 1059 proxima
798 979 875 1060 post
902 972 1026 1043 testum
1052 973 1148 1044 beate
1178 973 1337 1045 IIaterIue
1364 974 1509 1061 virgInis

385 1095 388 1100 ’
826 1104 859 1166 et
887 1097 1051 1167 martiris.

799 1248 861 1323 (27.
891 1247 1074 1322 novembris).

409 1407 517 1468 PrImo
542 1408 580 1469 N.
606 1407 686 1468 Zuik
712 1420 821 1468 contra
854 1411 981 1467 Annam
1012 1407 1254 1469 tabernatricem
1278 1407 1383 1489 prima
1413 1407 1567 1468 citacione

243 1514 248 1525 '
303 1532 368 1574 non
392 1514 582 1595 comparuit.

410 1619 487 1681 Item
512 1619 644 1700 Drugen
671 1632 780 1680 contra
805 1620 848 1681 M.
872 1618 975 1679 filium
1000 1619 1160 1680 Leunardi
1193 1619 1295 1700 prIma
1319 1619 1475 1681 citacione
1498 1639 1564 1681 non

305 1725 493 1806 comparuit.

409 1831 487 1892 Item
511 1831 550 1893 N.
576 1830 724 1912 eratich
744 1843 857 1892 octavo
874 1829 926 1891 die
952 1842 1061 1891 contra
1078 1830 1117 1892 N.
1134 1828 1293 1892 famulum
1311 1832 1350 1893 N.
1366 1829 1424 1892 filii
1441 1831 1566 1913 Bologo

304 1949 431 1998 tenetur
454 1935 686 2018 (respondere).

411 2042 489 2102 Item
514 2042 625 2102 Petrus
649 2041 776 2122 piliator
804 2054 913 2102 contra
946 2041 1022 2101 Iuan
1055 2040 1093 2100 de
1118 2040 1209 2102 Nova
1234 2039 1376 2122 Capituli
1400 2041 1476 2102 villa
1500 2060 1567 2103 non

305 2150 495 2231 comparuit.

410 2255 488 2315 Item
513 2254 539 2317 J.
564 2253 598 2314 Z.
626 2272 725 2334 usque
751 2265 823 2313 octo
848 2252 916 2312 dies
944 2264 1069 2313 tenetur
1102 2271 1175 2313 cum
1199 2250 1342 2313 Francha
1374 2272 1493 2334 ponere
1517 2274 1567 2316 ra·

304 2361 431 2422 cionem
457 2359 496 2420 de
521 2356 571 2421 IIII
595 2359 719 2435 marcis,
745 2372 775 2419 et
796 2357 916 2419 ibidem
941 2356 984 2434 id,
1009 2356 1097 2438 quod
1116 2357 1154 2418 de
1171 2357 1333 2439 premissis
1357 2377 1422 2418 non
1447 2359 1568 2441 persol-

199 2467 202 2474 '
305 2467 411 2545 visset,
436 2465 628 2547 persolvere.

411 2573 488 2634 Item
511 2571 653 2634 Obraam
678 2571 772 2632 Zoiar
797 2589 898 2652 usque
929 2569 987 2631 XV
1012 2569 1080 2630 dies
1103 2581 1229 2630 tenetur
1260 2568 1383 2631 solvere
1407 2570 1569 2633 WIcheno

306 2680 416 2761 pistori
441 2675 495 2740 VII
519 2677 635 2738 ztarios
658 2677 750 2755 salia,
774 2676 951 2757 quemlibet
976 2694 1031 2757 per
1054 2675 1149 2736 XLIII
1172 2674 1329 2737 denarios.

412 2786 489 2846 Item
538 2783 582 2845 St.
618 2781 702 2844 filius
744 2781 814 2842 Rad
855 2794 964 2843 contra
1007 2780 1137 2844 Ancech
1181 2781 1323 2843 secundo
1358 2780 1470 2842 citatus
1505 2801 1570 2842 non

307 2889 496 2971 comparuit.

412 2995 490 3056 Item
501 2991 691 3075 Golobycha
708 3006 816 3054 contra
831 2993 999 3054 Zuilenam
1012 2995 1114 3076 prima
1131 2993 1286 3054 citacione
1304 3013 1369 3054 non
1379 2993 1568 3074 comparuit.

412 3101 490 3162 Item
515 3098 701 3160 Hermanko
719 3112 828 3160 contra
845 3099 980 3159 Paulum
997 3099 1139 3160 secundo
1160 3098 1272 3159 citatus
1285 3118 1349 3160 non
1375 3099 1563 3179 comparuit.

413 3205 491 3268 Item
524 3205 699 3266 Markettus
731 3219 761 3265 et
794 3204 890 3266 Sidak
925 3217 1034 3265 contra
1066 3204 1168 3266 filium
1200 3205 1276 3265 Jake
1308 3203 1449 3264 secundo
1482 3204 1570 3265 citati

307 3331 373 3374 non
398 3323 654 3393 comparuerunt.

414 3418 490 3478 Item
522 3415 607 3477 iilius
637 3419 746 3497 Arney
771 3428 801 3476 et
832 3415 950 3477 Paulus
979 3414 1068 3478 faber
1100 3429 1209 3476 contra
1244 3415 1311 3475 Kus
1342 3415 1446 3496 primo
1484 3414 1569 3475 citati

309 3543 373 3585 non
399 3534 657 3603 comparuerunt.

414 3627 490 3687 Item
516 3626 555 3687 N.
581 3625 707 3687 Kordar
723 3639 848 3687 tenetur
872 3627 1007 3707 probare
1028 3646 1084 3707 per
1102 3624 1292 3687 Michaelem
1318 3623 1443 3685 fabrum
1462 3637 1571 3685 contra

309 3734 482 3794 Andream.

414 3837 490 3898 Item
517 3836 604 3898 Elias
627 3850 735 3898 contra
760 3837 948 3898 MercIInum
973 3838 1071 3899 tercio
1097 3836 1209 3896 citatus
1234 3855 1299 3896 non
1323 3835 1511 3916 comparuit.

415 3942 492 4002 Item
524 3944 563 4004 N.
588 3941 747 4004 aurifaber
778 3956 887 4003 contra
913 3940 952 4004 G.
981 3942 1124 4003 secundo
1148 3941 1260 4001 citatus
1284 3959 1348 4000 non
1382 3940 1570 4020 comparuit.

416 4049 491 4108 Item
517 4048 660 4109 Kukulin
685 4061 716 4110 et
740 4048 867 4109 Domko
892 4062 1000 4110 contra
1024 4049 1129 4109 Vanse
1155 4046 1259 4127 primo
1283 4045 1368 4106 citati
1393 4064 1458 4105 non
1483 4064 1571 4106 cotn-

311 4169 492 4237 paruerunt.
1239 4163 1242 4166 ’

415 4259 492 4320 Item
516 4261 556 4321 N.
580 4259 619 4320 de
637 4259 806 4321 Brauouch
824 4272 931 4321 contra
957 4258 1148 4320 Michaelem
1167 4255 1269 4316 filium
1290 4255 1456 4332 Valterini‚
1475 4257 1573 4318 terci0

311 4365 424 4426 citatus
447 4385 511 4429 non
541 4367 730 4448 comparuit.

416 4471 493 4533 Item
529 4472 637 4534 relicta
675 4470 890 4534 Mekkochren
930 4485 1039 4532 contra
1074 4466 1205 4547 Zugech
1239 4467 1344 4548 primo
1379 4466 1470 4526 citata
1507 4486 1573 4529 non

313 4578 500 4658 comparuit.

418 4682 495 4746 Item
520 4685 560 4747 N.
586 4684 713 4746 Kordar
737 4702 840 4764 usque
863 4683 922 4744 XV
945 4682 1014 4743 dies
1044 4691 1171 4742 tenetur
1194 4677 1316 4739 solvere
1341 4680 1449 4760 Arney
1472 4679 1572 4739 sutori

313 4785 497 4853 Imarcam.
