3488 5250
240 321 298 384 162
626 322 713 380 Anno
735 317 827 398 1360.
852 355 893 364 —
916 334 968 399 24.
992 321 1102 382 martii.

237 533 458 595 testimonium
482 531 659 616 producere
683 531 802 594 debent
832 550 928 615 super
951 550 1001 611 eo,
1032 531 1120 613 quod
1143 549 1224 593 uxor
1257 530 1358 614 ipsius
1388 531 1503 593 ambu-

240 638 335 700 lasset
357 637 445 717 foris‚
468 650 541 721 post
562 650 690 721 tempus
713 637 802 720 quod
818 637 886 721 ipse
901 637 978 699 Iuan
995 638 1248 719 proclamaverat
1270 649 1380 699 contra
1399 636 1503 720 ipsam

240 744 417 806 trusionem
441 743 541 826 ipsius
562 763 618 805 sue
642 743 759 805 uxoris.

347 850 424 912 Item
449 849 605 912 Martinus
628 849 707 911 Zedi
722 862 832 912 contra
847 849 962 932 Artuig
979 849 1084 931 primo
1102 849 1215 911 citatus
1227 869 1294 911 non
1311 848 1506 931 comparuit.

346 956 424 1018 Item
449 956 601 1018 Nicoluus
625 955 699 1017 Zirk
722 968 832 1018 contra
856 955 1040 1017 Farcasium
1063 955 1168 1039 primo
1192 955 1306 1018 citatus
1329 973 1396 1016 non
1414 972 1502 1017 com·

241 1063 356 1145 paruit.

347 1168 425 1230 Item
450 1181 564 1230 octavo
589 1167 641 1229 dIe
666 1165 833 1228 Emericus
857 1165 1002 1228 Kochich
1023 1180 1132 1229 contra
1157 1165 1335 1249 Gregurich
1361 1180 1428 1231 met
1443 1181 1505 1230 ter-

239 1275 306 1337 cius
329 1294 425 1355 super
448 1273 558 1335 debito
582 1292 753 1355 pensarum
776 1272 835 1334 XV
860 1285 891 1334 et
913 1272 1020 1335 media
1044 1272 1148 1354 jurare
1173 1286 1309 1337 tenetur.

344 1380 422 1443 Item
454 1380 540 1441 idem
571 1379 737 1442 Emericua
769 1377 883 1440 eodem
916 1378 968 1440 die
1001 1393 1110 1441 contra
1142 1379 1282 1441 eundem
1311 1378 1505 1462 Gregorium

238 1485 342 1565 jurare
374 1485 470 1548 debet
499 1504 595 1568 super
625 1505 689 1546 una
722 1484 877 1564 clamide,
909 1485 998 1566 quod
1031 1483 1119 1548 fratri
1150 1504 1209 1548 suo
1241 1505 1314 1547 eam
1340 1486 1416 1547 dare
1439 1504 1505 1547 non

238 1590 430 1654 mandasset.

343 1697 422 1758 Item
446 1696 607 1759 Iohannes
630 1694 715 1758 filius
727 1695 852 1758 Nicolai
877 1695 917 1758 de
937 1695 1124 1758 Morowcha
1148 1694 1249 1758 fassus
1273 1695 1392 1776 extitit,
1417 1696 1505 1778 quod

237 1801 389 1863 Nicolaus
411 1800 496 1864 filius
519 1802 623 1884 Bolog
648 1802 813 1863 intestatus
836 1800 1022 1864 decessisset
1045 1815 1076 1863 et
1098 1801 1159 1863 sibi
1183 1801 1216 1862 in
1240 1800 1386 1884 proxima
1408 1801 1493 1863 linea

238 1907 544 1990 consanguineitatis
567 1907 742 1986 attinuisset,
760 1926 858 1989 quare
875 1908 1022 1970 uniuersa
1045 1909 1130 1969 bona
1146 1927 1202 1968 aua
1219 1906 1297 1968 dicit
1320 1907 1381 1969 sibi
1397 1907 1502 1988 magia

238 2013 355 2076 debere
379 2014 538 2095 pertinere
562 2032 660 2096 quam
683 2013 763 2091 aliia,
795 2012 864 2095 jure
896 2026 1001 2075 tamen
1035 2013 1125 2076 salvo
1157 2012 1272 2093 altero,
1296 2012 1401 2077 obhoc
1434 2014 1503 2097 ipsa

238 2121 322 2182 bona
346 2140 364 2182 a
388 2119 578 2181 vendicione
602 2132 634 2180 et
656 2119 920 2202 inpignoracIone
944 2119 1083 2182 inhibuit
1105 2133 1174 2181 toto
1198 2138 1302 2201 posse.

344 2226 422 2288 Item
435 2225 596 2288 Fabianus
608 2239 696 2287 sutor
709 2238 817 2287 contra
829 2226 972 2308 Spanum
985 2225 1090 2308 primo
1103 2226 1216 2288 citatus
1228 2245 1294 2287 non
1308 2223 1499 2308 comparuit.

344 2333 422 2395 Item
446 2332 598 2394 Nicolaus
630 2344 740 2394 contra
763 2332 915 2393 Demsam
946 2333 1051 2414 primo
1073 2332 1187 2395 citatus
1217 2350 1283 2393 non
1308 2329 1498 2413 comparuit.

343 2439 422 2501 Item
431 2436 943 2518 DraxeeontraMikechjudicem
954 2438 1096 2500 secundo
1114 2437 1228 2499 citatus
1240 2456 1307 2499 non
1319 2434 1500 2519 comparuit

301 2660 396 2745 Nota,
425 2657 511 2749 quod
542 2659 651 2731 tercia
680 2658 765 2730 feria
794 2660 949 2748 proxima
977 2666 1053 2748 post
1083 2658 1282 2729 dominicam
1310 2655 1440 2746 judica.

776 2820 840 2889 (24.
862 2811 982 2885 martia).

347 2968 455 3029 Primo
479 2966 633 3029 Nicolaus
657 2966 755 3029 ruffus
787 2980 897 3029 contra
915 2965 1100 3029 ¹Francham
1126 2965 1166 3027 ad
1198 2978 1272 3027 octo
1296 2964 1365 3026 dies
1388 2964 1507 3044 recepit

243 3074 417 3136 terminum
440 3072 480 3134 ad
505 3071 778 3155 respondendum.
869 3098 870 3101 ¹

351 3180 428 3241 Item
453 3179 564 3240 Petrus
588 3178 694 3257 Zolar,
725 3178 769 3240 St.
803 3177 942 3261 Saluych
974 3190 1005 3240 et
1029 3176 1211 3239 Demetrius
1242 3188 1351 3237 contra
1375 3175 1505 3237 Petrum

243 3284 346 3347 filium
370 3284 489 3346 Donati
513 3283 655 3345 secundo
679 3283 763 3345 citati
788 3302 853 3344 uon
884 3294 1141 3365 comparuerunt.

347 3390 425 3451 Item
449 3389 603 3450 Arnoltus
627 3401 736 3450 contra
760 3387 939 3451 Johannem
957 3390 1111 3470 Neterger
1135 3388 1175 3449 ad
1199 3400 1273 3449 octo
1296 3387 1365 3449 dies
1380 3387 1500 3470 recepit

242 3496 415 3557 termInum
439 3494 479 3555 ad
503 3494 776 3576 respondendum.

349 3601 426 3662 Item
443 3600 474 3661 in
493 3600 666 3681 quiadenis
682 3600 813 3661 domina
826 3598 948 3662 Cecilia
964 3613 1090 3662 tenetur
1106 3600 1230 3661 solvere
1248 3600 1338 3661 uxori
1356 3597 1501 3661 Cernech

243 3727 342 3769 unum
367 3706 436 3769 flor.
461 3720 491 3767 et
515 3726 615 3767 unum
640 3705 794 3767 eubulum
819 3704 980 3767 frumenti,

351 3813 430 3874 Item
454 3832 627 3893 causaque
651 3811 784 3873 vertitur
800 3811 880 3871 inter
898 3810 1074 3893 Symonem
1090 3824 1231 3873 sutorem
1257 3825 1288 3873 et
1312 3809 1505 3891 GregorIum

245 3919 447 3999 vigilatorem
471 3918 510 3978 ad
535 3931 608 3979 octo
633 3917 700 3978 dies
725 3917 764 3978 ad
789 3936 900 3998 pacem
925 3930 971 3978 est
994 3931 1174 3997 prorogata.

348 4023 425 4085 Item
450 4024 482 4084 in
506 4023 678 4105 quindenis
694 4024 798 4085 Draxe
815 4036 940 4084 tenetur
953 4022 1077 4084 solvere
1099 4022 1235 4105 Mykech
1252 4022 1390 4084 condam
1407 4021 1504 4102 judici

243 4128 311 4190 VIII
336 4149 458 4190 marcas
482 4143 512 4190 et
533 4130 570 4190 LI
588 4128 765 4208 denarium,
790 4128 815 4188 si
840 4128 872 4189 in
897 4129 1025 4189 racIone
1043 4141 1147 4189 tantus
1165 4128 1290 4189 debitor
1314 4127 1504 4189 invenietur.

352 4235 428 4296 Item
453 4235 604 4296 dominus
629 4235 764 4318 Mykech
789 4234 949 4295 Francisci
973 4235 1144 4316 assumpsit
1167 4234 1219 4295 die
1242 4235 1380 4316 presenti
1406 4253 1506 4316 usque

243 4360 314 4402 sero
336 4362 368 4402 se
394 4341 543 4422 expedire
572 4361 647 4422 erga
679 4341 847 4403 dominum
881 4340 1011 4402 Petrum
1036 4341 1154 4422 Ligerii
1180 4340 1219 4402 de
1252 4340 1362 4402 debito
1388 4341 1412 4401 L
1437 4338 1507 4402 flor.

245 4465 316 4507 cum
342 4447 480 4528 pellibus
503 4447 568 4507 sive
594 4448 720 4508 cutibus
744 4445 863 4507 ferinis.

350 4551 428 4613 Item
453 4566 565 4613 octavo
590 4552 641 4612 die
667 4554 775 4613 Maren
801 4552 940 4613 decanus
963 4571 1020 4632 per
1044 4550 1146 4613 filium
1170 4551 1291 4613 Vrbani
1316 4565 1347 4613 et
1371 4552 1506 4614 Paulum

247 4655 340 4717 Z0Iar
375 4670 484 4719 contra
520 4658 647 4719 Petrum
685 4657 779 4719 Zolar
814 4657 1033 4718 testimonium
1065 4677 1159 4741 super
1190 4657 1356 4741 vituperiis
1387 4657 1506 4739 produ·

248 4777 316 4820 cere
341 4762 446 4824 debet.
