3488 5250
268 318 327 379 168
666 320 751 379 Anno
773 316 867 397 1360.
891 355 935 364 —
957 332 1005 396 15.
1030 323 1116 383 maii.

367 528 444 590 Item
469 529 661 591 Benedictus
685 531 789 613 Brayn
822 544 932 593 contra
966 531 1164 612 Stephanum
1195 531 1298 594 filium
1322 532 1413 594 Pauli
1447 532 1523 594 dicti

260 635 341 697 Iuba
368 636 465 697 debet
487 636 680 718 respondere
706 637 745 697 ad
769 637 906 718 primam
931 637 1131 700 citacionem.

366 742 445 804 Item
470 742 623 804 Sternech
648 742 743 804 debet
765 742 948 824 persolvere
972 763 1074 826 usque
1091 744 1271 825 quindenas
1282 744 1437 806 tredecim
1454 744 1524 807 flor.

260 848 436 910 Krauturm
460 848 661 910 stationario.

367 955 443 1016 Item
475 955 570 1017 debet
605 953 708 1034 jurare
740 955 860 1015 Bernar
892 967 1001 1016 contra
1034 954 1236 1038 Stephanech
1261 968 1291 1016 et
1324 954 1524 1037 Stephanech

260 1074 370 1123 contra
394 1060 544 1122 eundem.
1174 1129 1179 1140 .

368 1167 445 1228 Item
471 1167 556 1228 Mike
582 1166 783 1228 Carentanus
806 1178 916 1227 contra
934 1166 1109 1227 Martinum
1133 1166 1254 1228 dictum
1273 1166 1351 1227 Zedi
1383 1166 1525 1228 secundo

262 1273 375 1335 citatus
400 1293 463 1334 non
493 1271 682 1353 comparuit.

367 1379 443 1441 Item
470 1379 592 1460 Symon
617 1375 756 1439 carnifex
774 1377 877 1438 dictus
901 1376 1125 1438 ThomordIch
1148 1378 1253 1459 prImo
1278 1379 1391 1440 citatus
1415 1392 1524 1439 contra

264 1488 394 1548 Petrum
418 1485 583 1566 Valteryni
608 1503 672 1544 non
697 1484 886 1565 comparuit.

368 1593 445 1653 Item
464 1592 575 1652 Petrus
591 1590 748 1652 litteratus
764 1603 874 1651 contra
891 1590 993 1650 Kusse
1006 1608 1071 1649 non
1089 1591 1268 1671 comparuit
1280 1590 1385 1672 primo
1403 1589 1524 1652 citatus.

368 1697 446 1758 Item
471 1697 636 1758 Emericus
661 1695 799 1757 carnifex
824 1709 933 1756 contra
957 1695 1144 1756 Farkasium
1176 1695 1280 1776 primo
1312 1696 1426 1757 citatus
1458 1715 1524 1758 non

262 1803 451 1885 comparuit.

368 1910 446 1970 Item
470 1908 733 1990 prolongavimus
756 1907 929 1968 terminum
964 1926 1025 1987 que
1059 1927 1152 1968 causa
1177 1921 1208 1967 et
1231 1906 1355 1968 solucio
1388 1906 1526 1968 debebat

263 2035 331 2077 esse
356 2034 410 2097 per
435 2014 626 2075 Michaelem
650 2013 753 2074 filium
778 2011 889 2073 Kuche
914 2013 1046 2073 Iurkoni
1072 2013 1163 2094 piuar
1187 2027 1233 2074 est
1256 2027 1437 2094 prorogata.

369 2119 447 2183 Item
472 2119 567 2180 debet
591 2119 772 2200 persolvere
797 2118 964 2179 Renoldus
988 2119 1019 2179 in
1054 2119 1291 2199 vitoperacione
1317 2132 1348 2180 et
1381 2118 1526 2180 verbera·

264 2227 356 2289 cione
380 2226 511 2287 domine
535 2224 661 2286 NicoIai
695 2223 751 2285 filii
784 2223 948 2285 Benedicti
981 2223 1006 2283 II
1039 2242 1160 2284 marcas
1184 2238 1213 2284 et
1245 2222 1384 2284 mediam
1417 2222 1526 2304 judici,

263 2331 351 2413 quod
376 2331 597 2412 judicaverunt
620 2329 723 2410 jurati.

368 2436 446 2498 Item
471 2435 544 2498 ideo
570 2435 731 2496 Iohannes
748 2436 900 2516 Neterger
917 2435 976 2496 sibi
994 2432 1174 2496 satisfacere
1191 2454 1256 2495 non
1274 2434 1427 2513 videndo,
1452 2454 1525 2516 pro·

263 2543 386 2623 rogavit
407 2541 447 2602 ad
472 2540 593 2623 judices
613 2541 772 2622 antiquos.

405 2761 500 2846 Nota,
529 2761 615 2849 quod
644 2759 788 2832 secunda
817 2761 869 2830 die
896 2760 974 2830 festi
1002 2757 1219 2832 AscensionIs
1247 2760 1381 2831 domini.

811 2922 870 2989 (15.
894 2914 986 2989 mari).

371 3071 478 3132 Primo
510 3086 584 3132 sunt
614 3070 817 3132 fideiussores
848 3071 969 3133 Obram
1000 3085 1031 3132 et
1062 3072 1160 3132 Jurko
1184 3071 1277 3154 piuar
1308 3092 1366 3153 pro
1390 3073 1526 3135 Nicolao

264 3176 436 3259 iobagione
460 3175 564 3238 fratris
587 3175 677 3238 Achk
702 3190 732 3237 et
757 3177 875 3238 debent
895 3196 969 3238 eum
994 3176 1154 3257 assignare
1179 3177 1218 3238 ad
1243 3192 1316 3238 octo
1340 3178 1418 3242 dies.

370 3284 478 3345 PrImo
503 3283 615 3345 citatus
641 3282 776 3365 Mykech
802 3283 960 3343 Leonardi
979 3296 1010 3343 et
1034 3283 1178 3345 servitrir
1202 3303 1269 3363 sua,
1293 3284 1405 3345 Petrus
1421 3286 1525 3364 taslar‚

266 3409 331 3451 non
357 3404 605 3471 comparuerunt
628 3403 737 3451 contra
761 3389 897 3449 Paulum
921 3388 1066 3470 longum.

371 3496 448 3556 Item
475 3495 570 3556 debet
597 3495 816 3556 testimonium
832 3494 1010 3576 producere
1028 3495 1183 3557 Martinus
1200 3495 1278 3557 Zedi
1302 3511 1411 3558 contra
1429 3499 1525 3580 Myke

265 3621 337 3662 cum
364 3601 535 3661 Dominico
560 3601 599 3660 de
623 3601 777 3661 suburbio
802 3612 833 3661 et
855 3600 922 3661 filio
945 3600 1063 3661 Rados.

371 3707 447 3767 Item
459 3707 569 3767 Petrus
581 3706 736 3767 litteratus
749 3720 857 3767 contra
869 3707 964 3788 Myke
980 3706 1122 3767 secundo
1132 3707 1245 3769 citatus
1257 3727 1322 3768 non
1336 3710 1524 3790 comparuit.

371 3813 448 3874 Item
473 3812 567 3873 debet
592 3832 776 3893 comparere
801 3826 911 3873 contra
936 3813 1090 3889 Marcum,
1110 3813 1396 3895 MykechKapIich
1420 3815 1460 3875 ad
1477 3835 1524 3876 re·

264 3919 490 4000 spondendum
516 3939 617 4000 usque
641 3933 714 3980 octo
739 3920 816 3981 dies.

370 4024 448 4087 Item
482 4025 661 4086 Marchicha
694 4039 725 4086 et
758 4026 853 4086 Iuana
886 4038 995 4086 contra
1029 4026 1222 4107 Katerynam
1255 4026 1373 4088 dictam
1404 4028 1524 4088 Burina

266 4131 370 4213 primo
395 4132 488 4191 citate
513 4151 576 4191 non
603 4144 859 4212 comparuerunt.

371 4236 446 4296 Item
479 4235 615 4297 MichaeI
648 4236 731 4297 filius
763 4235 878 4298 Ortolfi
911 4236 1052 4298 secundo
1093 4237 1205 4299 citatus
1247 4256 1310 4298 non
1347 4239 1526 4319 comparuit

265 4356 374 4403 contra
397 4342 618 4404 PechtoIdum.

371 4448 448 4510 Item
473 4448 626 4509 Nicolaus
643 4449 745 4509 dictus
763 4448 977 4510 Zrebornicha
1000 4448 1095 4509 debet
1111 4449 1331 4510 testImonium
1347 4450 1524 4532 producere

266 4573 337 4614 cum
364 4553 521 4634 Gregorio
545 4554 648 4635 AngeI
672 4567 780 4615 contra
805 4553 892 4614 Iuan.

371 4660 448 4719 Item
473 4659 626 4720 Nicolaus
643 4659 861 4721 Kuroredicha
891 4674 921 4722 et
937 4661 1042 4723 Vanse
1059 4662 1163 4743 primo
1180 4663 1265 4725 citati
1290 4678 1400 4725 contra
1416 4664 1524 4726 Petrea

266 4764 446 4827 carnificem
469 4785 533 4826 noo
559 4780 818 4847 comparuerunt.
