3488 5250
624 333 711 390 Anno
733 328 825 408 1362.
848 366 893 376 -
915 345 967 407 29.
992 329 1109 406 aprilis.
1441 351 1501 412 205

346 542 424 603 Item
449 540 649 622 Margaretha
681 554 791 603 contra
816 541 893 601 luan
925 540 1067 602 secundo
1099 542 1193 604 citata
1217 561 1282 603 non
1316 518 1505 624 comparuit

346 647 424 708 Item
448 646 479 707 in
505 646 678 728 quindenis
699 646 864 727 Iurinnus
880 647 975 709 debet
999 646 1074 710 dare
1099 648 1184 709 Male
1206 648 1314 731 puelle
1339 649 1505 710 camisiam

240 765 271 813 et
294 752 455 829 surlicam,
479 751 645 834 pepqum,
669 752 800 834 scipano
825 751 957 831 dictum,
982 753 1098 815 calcios
1122 768 1153 815 et
1177 753 1353 836 cingulum.

346 859 424 919 Item
442 858 516 919 licet
532 857 678 920 Thomas
693 858 850 920 litteratus
866 858 898 919 in
916 855 1054 940 presenti
1071 859 1191 922 iudIcio
1212 874 1322 922 contra
1342 859 1505 922 Thomam

129 1011 130 1016 1
239 961 443 1044 gladiparum
467 982 562 1044 agere
586 963 758 1041 debuisset,
782 976 889 1024 tamen
914 982 979 1024 non
1004 965 1091 1026 venit
1114 984 1172 1026 nec
1195 965 1291 1027 misit.

347 1068 425 1129 Item
450 1067 557 1150 Matey
580 1082 768 1151 procurator
789 1068 955 1130 Benedicti
979 1084 1090 1131 contra
1106 1069 1234 1131 Kusech
1258 1083 1426 1152 promptus
1441 1081 1508 1130 erat

240 1173 436 1256 respondere
461 1188 492 1235 et
516 1188 604 1236 actor
628 1193 693 1235 non
716 1175 815 1253 venit,
840 1173 913 1236 ideo
938 1174 997 1236 nisi
1022 1174 1177 1257 depositis
1200 1175 1301 1237 tribus
1325 1175 1432 1258 pensis
1448 1193 1506 1256 pro

241 1278 369 1341 duobus
393 1278 520 1359 judiciis
544 1299 618 1341 eum
641 1279 681 1340 de
705 1300 792 1341 novo
816 1281 934 1362 poterit
957 1281 1064 1342 citare.

347 1386 426 1447 Item
449 1386 556 1448 Petres
579 1406 637 1468 pro
661 1406 694 1447 se
719 1400 749 1448 et
773 1406 832 1468 pro
856 1386 993 1448 NicoIao
1017 1386 1084 1448 filio
1109 1387 1186 1448 Iuan
1211 1387 1432 1469 procuratorIo
1449 1406 1507 1448 no·

242 1489 329 1551 mine
355 1490 388 1551 in
413 1489 497 1552 Iacto
521 1491 761 1554 communitatis
777 1504 888 1553 contra
912 1491 1091 1553 Iohannem
1108 1491 1211 1553 filium
1236 1493 1312 1554 Iuan
1337 1492 1457 1575 judicio
1474 1493 1507 1554 in

242 1596 380 1678 presenti
404 1609 573 1679 promptus
596 1609 663 1659 erat
685 1596 880 1679 respondere
905 1610 936 1658 et
959 1610 1046 1658 actor
1070 1615 1136 1658 non
1159 1597 1256 1659 venit.

401 1794 498 1870 Ferit
526 1806 623 1869 sexta
651 1800 803 1887 proxima
831 1808 909 1887 post
936 1797 1058 1869 festum
1086 1798 1176 1869 beati
1205 1797 1348 1887 Georgii.

760 1968 824 2043 (29.
847 1968 974 2045 aprilis).

351 2125 459 2187 Primo
483 2144 576 2187 causa
601 2144 664 2206 que
688 2126 820 2188 vertitur
853 2126 935 2189 inter
960 2127 1005 2190 St.
1031 2124 1181 2187 Kundith
1206 2139 1237 2187 et
1262 2125 1344 2207 Spez
1369 2124 1409 2187 ad
1434 2139 1507 2188 octo

244 2231 312 2292 dies
337 2245 383 2293 est
406 2231 447 2293 ad
470 2250 582 2313 pacem
606 2245 785 2313 prorogata.

350 2336 430 2398 Item
454 2336 558 2398 Draxe
583 2350 693 2399 contra
717 2336 863 2400 Ceruech
887 2337 992 2421 primo
1024 2337 1137 2400 citatus
1161 2356 1225 2398 non
1251 2337 1441 2419 comparuit.

350 2442 428 2503 Item
452 2442 557 2524 primo
582 2441 701 2505 iudIcio
732 2442 889 2505 adventus
909 2442 1063 2505 Demetrii
1091 2443 1123 2504 in
1156 2442 1357 2523 Zagrabiam,
1382 2442 1505 2525 Symon

243 2560 334 2610 sutor
349 2567 406 2630 per
422 2549 526 2630 ipsum
553 2549 753 2610 Demetrium
770 2563 801 2611 et
826 2549 956 2611 Petrum
972 2547 1194 2611 testimoninm
1211 2563 1319 2610 contra
1338 2550 1505 2611 Mortonos

245 2652 323 2715 Zedi
346 2654 521 2736 producere
546 2653 641 2716 debet
665 2655 697 2715 In
722 2674 772 2734 eo,
796 2654 885 2736 quod
909 2655 969 2717 sibi
994 2674 1092 2717 unam
1116 2674 1256 2716 marcam
1280 2654 1462 2719 dImisisset.

350 2759 487 2821 Econtra
513 2779 588 2821 vero
613 2760 679 2842 ipse
705 2760 872 2822 Mortonos
896 2760 947 2822 die
972 2760 1004 2822 in
1033 2759 1148 2822 eodem
1172 2779 1228 2842 per
1251 2759 1453 2822 Radozlaum
1479 2775 1510 2824 et

245 2865 426 2927 Iohannem
460 2866 647 2947 magistrum
678 2866 825 2928 similiter
861 2865 1017 2948 producet
1046 2866 1286 2945 testImonium,
1321 2865 1410 2947 quod
1448 2867 1508 2929 sibi

246 2990 385 3034 marcam
411 2972 512 3053 ipsam
536 2990 602 3032 non
627 2970 808 3033 dimisisset.

352 3077 431 3138 Item
455 3077 564 3138 relicta
589 3077 711 3138 PauIeti
737 3088 846 3139 contra
876 3077 1054 3139 Francham
1079 3076 1185 3158 primo
1218 3076 1310 3138 citata
1335 3096 1401 3138 non
1424 3097 1510 3139 com·

246 3184 362 3266 paruit.

209 3369 215 3384 ο
352 3290 430 3351 Item
454 3305 569 3351 octavo
593 3289 645 3350 die
670 3288 850 3351 Pucochius
873 3302 1061 3371 procurator
1084 3288 1183 3370 ipsius
1199 3288 1306 3350 relicte
1330 3308 1387 3371 per
1410 3307 1442 3349 se
1459 3289 1511 3350 veI

247 3397 349 3479 ipsam
372 3395 513 3458 relictam
539 3410 649 3457 contra
673 3394 852 3475 Georgium
870 3394 1010 3477 Gyanini
1035 3407 1163 3456 tenetur
1178 3393 1355 3476 producere
1379 3393 1511 3473 litteras,

248 3503 365 3583 quibus
384 3501 600 3564 mediantibus
616 3501 794 3583 possideret
809 3501 936 3562 vitream
958 3500 1121 3581 quandam
1139 3500 1172 3561 in
1188 3500 1349 3562 territorio
1366 3500 1511 3563 civitatis.

355 3608 433 3669 Item
457 3621 571 3669 octavo
596 3606 648 3669 die
672 3606 818 3669 Cernech
849 3608 989 3688 orosnyk
1021 3607 1117 3667 debet
1140 3620 1277 3668 statuere
1309 3607 1511 3668 venditorem

248 3713 395 3794 palorum
419 3712 595 3773 vinealium
620 3725 729 3773 contra
753 3712 830 3773 Iuan
855 3711 994 3793 judicem
1019 3724 1049 3772 et
1072 3710 1220 3773 homiues
1242 3730 1328 3773 suos.

354 3818 432 3879 Item
456 3837 550 3879 causa
574 3837 637 3898 que
668 3818 801 3878 vertitur
832 3817 914 3879 inter
938 3817 1138 3879 Demetrium
1163 3831 1194 3878 et
1218 3816 1442 3879 Sebastianum
1466 3829 1513 3877 est

248 3923 289 3985 ad
314 3936 387 3985 octo
411 3922 479 3984 dies
503 3922 544 3984 ad
568 3941 679 4005 pacem
704 3937 885 4005 prorogata.

354 4030 432 4090 Item
455 4029 638 4091 Anthonius
661 4042 770 4091 contra
796 4028 843 4091 St.
868 4029 972 4110 primo
1001 4028 1113 4090 citatus
1145 4047 1211 4090 non
1235 4025 1424 4110 comparuit.

355 4135 434 4196 Item
458 4133 585 4195 Luchas
608 4149 797 4216 procurator
828 4133 905 4195 Iuan
937 4148 968 4195 et
993 4133 1037 4195 St.
1070 4147 1185 4195 octavo
1210 4132 1261 4194 die
1294 4146 1404 4194 contra
1428 4133 1512 4194 Mar·

248 4240 363 4319 tinum,
388 4254 419 4302 et
443 4240 528 4301 idem
555 4240 711 4302 Martinus
735 4254 844 4303 contra
875 4240 1014 4302 eundem
1045 4254 1159 4302 mutuo
1192 4240 1411 4301 testimonium
1436 4240 1513 4321 juri·

249 4346 357 4408 dIcum
383 4365 448 4426 quo
473 4345 590 4407 melius
613 4360 774 4427 poterunt,
798 4345 957 4408 adducere
981 4347 1184 4408 tenebuntur.

355 4451 433 4512 Item
468 4450 613 4512 Andreas
650 4466 837 4533 procurator
870 4452 1003 4513 Marketi
1042 4464 1151 4512 contra
1183 4451 1352 4512 dominum
1384 4450 1511 4513 Mikech

248 4556 409 4620 Leonardi
434 4556 475 4618 ad
498 4570 572 4618 octo
597 4556 665 4619 dies
688 4557 807 4639 recepit
829 4558 1003 4618 termInum
1020 4556 1060 4617 ad
1084 4555 1357 4638 respondendum.

354 4663 432 4724 Item
457 4681 550 4725 causa
575 4661 682 4724 Lachk
707 4677 738 4724 et
762 4663 906 4724 Franche
935 4661 975 4723 ad
1000 4661 1236 4724 exhibicionem
1260 4661 1437 4723 litterarum
1462 4681 1511 4725 te·

248 4770 371 4851 galium
397 4789 454 4852 pet
477 4769 646 4831 dominum
672 4769 793 4830 Lucam
816 4767 970 4831 Iectorem
994 4766 1120 4846 factam,
1144 4781 1191 4829 est
1213 4779 1395 4850 prorogata.
