3488 5250
656 304 742 360 Anno
765 300 857 379 1363.
881 336 923 346 —
947 318 978 381 4.
994 304 1078 379 julii.
1433 306 1495 388 289

337 511 415 574 Item
440 511 602 573 lohannes
625 524 735 573 contra
761 513 905 574 Jakmam
934 513 1040 595 primo
1072 513 1185 575 citatus
1208 535 1274 576 non
1305 521 1495 600 comparuit.

337 618 415 680 Item
441 617 553 680 Cusilo
577 638 673 700 preco
698 632 807 681 contra
832 619 1011 681 Jobannem
1036 618 1139 681 filium
1165 620 1240 683 luan
1265 622 1305 683 ad
1330 637 1404 687 octo
1429 624 1497 686 dies

231 723 351 805 recepit
375 724 548 785 terminum
574 723 614 785 ad
638 724 910 805 respondendum.

338 846 416 907 ltem
449 859 563 908 octavo
596 846 648 907 die
679 847 793 908 Jakmo
825 860 936 909 contra
971 847 1061 909 Acbk
1093 847 1221 910 fratrem
1253 869 1345 911 suum
1380 850 1498 932 jurabit

231 971 326 1034 super
350 971 401 1030 eo,
426 952 514 1033 quod
538 952 606 1033 ipse
637 953 751 1014 Jakmo
783 953 861 1014 olim
894 953 1100 1016 medietatem
1132 954 1258 1034 domus,
1290 975 1388 1037 quam
1412 977 1497 1020 nunc

233 1056 278 1120 St.
304 1057 449 1119 Pundich
473 1057 641 1137 inhabitat,
665 1058 798 1120 minime
826 1058 931 1120 eidem
962 1056 1047 1121 fratri
1072 1079 1131 1121 suo
1156 1060 1336 1121 vendiderit
1360 1082 1418 1124 nec
1442 1083 1497 1146 pe·
1517 1064 1530 1085 ⁰

232 1163 359 1224 cuniam
386 1163 539 1244 receperit
562 1182 621 1245 pro
643 1163 755 1224 eadem
780 1165 820 1225 ab
844 1163 969 1227 eodem.

338 1286 433 1364 Nota,
457 1285 546 1367 quod
571 1286 731 1348 Jobannes
755 1284 840 1348 filius
864 1286 1016 1349 Cemmer
1044 1301 1075 1349 et
1098 1288 1186 1350 Elias
1216 1308 1333 1371 parvus
1358 1310 1415 1371 per
1438 1310 1498 1352 nos

235 1390 400 1471 judiciarie
425 1391 464 1452 de
489 1390 698 1474 infrascriptis
720 1392 880 1473 requisiti,
902 1393 961 1454 sub
986 1392 1188 1472 juramentali
1213 1393 1420 1476 deposicioue
1451 1409 1498 1458 ta·

235 1496 307 1558 liter
330 1496 497 1559 atestando
521 1497 709 1575 retulerunt,
733 1497 821 1578 quod
854 1497 951 1559 tercia
983 1495 1062 1558 feria
1084 1511 1158 1579 post
1188 1496 1305 1560 festum
1330 1500 1497 1561 beatorum

233 1601 297 1664 Viti
317 1616 348 1664 et
364 1601 504 1664 Modesti
528 1602 705 1680 martirum,
723 1603 799 1683 ipsis
815 1602 854 1662 de
879 1602 1096 1685 Wyssegrada
1113 1603 1341 1684 equitantibus,
1365 1604 1497 1685 quidam

233 1707 299 1769 duo
315 1707 523 1790 stipendiarii,
540 1727 677 1788 quorum
695 1709 826 1769 nomina
842 1728 875 1770 se
892 1706 1040 1769 dixerunt
1056 1708 1215 1789 ignorare,
1235 1708 1275 1769 de
1292 1709 1365 1771 hinc
1384 1729 1494 1771 versus

236 1813 436 1895 Hungariam
471 1811 724 1895 proficiscentes,
760 1813 842 1875 duos
876 1832 978 1895 equos
1012 1813 1168 1875 Johannis
1209 1814 1427 1876 archidiaconi
1457 1814 1499 1876 de

236 1918 352 1997 Vaska,
377 1938 478 1980 unum
496 1918 579 2000 nigri
595 1939 651 1981 seu
668 1918 726 1980 roh
743 1919 860 1981 coloris
883 1919 982 1981 alium
1000 1919 1089 2001 nigre
1114 1919 1204 2000 quasi
1220 1919 1386 1981 rubedinis
1401 1919 1499 2001 guied

239 2024 356 2086 coloris
380 2025 560 2106 equitantes
584 2025 629 2086 eis
652 2025 845 2104 obviassent,
870 2044 952 2106 quos
973 2025 1018 2086 St.
1042 2044 1143 2107 nepos
1167 2025 1321 2087 Johannis
1344 2024 1499 2088 archidia-
1526 2073 1530 2080 .

234 2130 307 2192 coni
332 2129 538 2192 dubichensis
561 2149 625 2191 non
651 2150 669 2192 a
692 2132 824 2192 remotis
846 2130 901 2192 sed
925 2152 944 2193 a
968 2130 1097 2192 modico
1125 2131 1233 2211 spacio
1257 2130 1290 2192 in
1311 2130 1386 2193 albo
1411 2150 1495 2212 equo

235 2249 362 2297 secutus
397 2234 525 2315 fuisset,
557 2255 654 2317 quem
687 2236 765 2297 dum
797 2237 1037 2318 requisivissent
1068 2256 1125 2298 cur
1155 2237 1199 2297 sic
1231 2256 1286 2298 eos
1313 2250 1499 2318 sequeretur

234 2341 374 2420 dixisset,
411 2342 499 2423 quod
525 2360 625 2403 unum
655 2342 815 2404 licisscum
848 2342 945 2405 iidem
979 2342 1177 2423 stipendiarii
1207 2341 1268 2403 sibi
1299 2341 1500 2404 reduxissent

235 2461 266 2508 et
288 2449 330 2510 ob
355 2445 416 2508 hoc
441 2466 496 2509 eos
519 2461 714 2528 sequeretur.
1106 2440 1111 2450 '

342 2570 418 2632 item
438 2569 637 2651 Margaretha
655 2583 763 2632 contra
781 2569 926 2651 Dragech
943 2570 984 2632 ad
1007 2584 1080 2632 octo
1098 2570 1166 2632 dies
1189 2569 1308 2651 recepit
1323 2571 1499 2633 terminum

234 2676 275 2737 ad
300 2675 572 2758 respondendum.

344 2782 421 2843 Item
446 2780 577 2843 Trucha
601 2794 709 2843 contra
733 2781 912 2843 Fabianum
935 2783 1039 2863 primo
1064 2782 1156 2844 citata
1180 2801 1246 2843 non
1267 2781 1455 2863 comparuit.

343 2887 421 2949 Item
447 2888 543 2949 [uana
567 2887 728 2968 penestica
746 2901 854 2949 contra
871 2886 978 2949 Lachk
996 2888 1101 2970 primo
1118 2887 1212 2949 citata
1228 2907 1294 2948 non
1311 2887 1499 2970 comparuit.

342 2993 420 3054 item
445 2993 556 3053 Petrus
579 2992 654 3053 Jaxe
686 2993 791 3073 primo
823 2993 936 3055 citatus
967 3007 1075 3055 contra
1100 2992 1237 3055 Paulum
1269 3005 1301 3053 et
1325 2991 1499 3053 Martinam

236 3118 301 3160 non
326 3099 514 3180 comparuit.

341 3204 421 3266 Item
453 3203 579 3265 Mikech
613 3204 774 3265 Leunardi
806 3216 915 3265 contra
949 3202 1127 3284 Georgium
1159 3204 1264 3286 primo
1297 3204 1410 3266 citatus
1434 3224 1500 3266 non

237 3311 426 3392 comparuit.

342 3416 419 3478 Item
444 3417 551 3477 Endre
575 3430 684 3478 contra
702 3416 894 3499 Dyonisium
912 3415 1016 3497 primo
1039 3415 1152 3477 citatus
1176 3435 1241 3477 non
1266 3415 1455 3497 comparuit.

342 3540 419 3601 item
446 3539 583 3602 Michael
612 3540 697 3602 filius
730 3540 774 3603 St.
806 3539 920 3620 judicis
951 3539 1056 3620 primo
1081 3539 1195 3603 citatus
1225 3552 1335 3600 contra
1368 3538 1501 3600 Stanam

235 3665 301 3707 non
325 3647 514 3728 comparuit.

341 3751 420 3812 Item
445 3751 589 3812 Andreas
613 3765 722 3813 contra
747 3750 814 3813 Cus
838 3750 942 3832 primo
960 3750 1072 3812 citatus
1097 3769 1162 3811 uon
1194 3750 1383 3832 comparuit.

341 3873 418 3935 Item
442 3874 635 3936 Benedictus
659 3888 689 3935 et
714 3873 759 3937 St.
784 3887 894 3935 contra
918 3859 1047 3934 Petrum
1069 3871 1263 3934 frenatorem
1286 3872 1391 3953 primo
1414 3872 1501 3933 citati

235 3999 301 4041 non
326 3993 586 4062 comparuerunt.

343 4085 420 4146 item
444 4085 590 4147 Andreas
614 4084 728 4146 Pulani
748 4084 852 4165 primo
877 4084 991 4146 citatus
1014 4096 1123 4145 contra
1142 4082 1321 4144 Jobannem
1344 4082 1501 4144 stacione·

235 4190 318 4252 rium
345 4210 409 4252 non
436 4191 622 4272 comparuit.

343 4314 419 4375 ltem
452 4333 547 4376 causa
579 4313 702 4375 domini
736 4313 820 4375 Petri
854 4333 952 4395 quarn
983 4326 1093 4374 contra
1125 4311 1283 4393 quosdam
1314 4310 1504 4391 jobagiones

236 4421 476 4482 communitatis
508 4420 547 4481 de
581 4419 744 4481 Kraloucb
775 4420 877 4482 movit
908 4419 959 4480 vel
991 4437 1120 4479 movere
1152 4417 1289 4479 intendit
1316 4416 1356 4478 ad
1389 4413 1502 4476 feriam

235 4541 356 4588 sextam
382 4526 561 4608 proximam
586 4539 659 4586 ante
682 4522 799 4586 festum
833 4525 1064 4606 assumpcionis
1088 4512 1180 4586 beate
1204 4523 1336 4604 virginis
1360 4534 1407 4584 est
1429 4540 1502 4603 pro·

236 4646 359 4715 rogata,
384 4631 472 4714 quod
504 4632 611 4713 itaque
643 4631 675 4691 in
707 4629 845 4691 termino
877 4629 947 4712 ipso
979 4629 1018 4691 ad
1050 4629 1183 4691 totalem
1215 4629 1379 4690 accionem
1402 4625 1505 4707 ipsius

237 4738 360 4800 domini
385 4738 469 4800 Petri
493 4734 733 4819 respondebunt
761 4734 860 4798 iidem
889 4734 1089 4817 jobagiones,
1113 4748 1144 4795 et
1167 4748 1243 4796 tunc
1266 4733 1291 4794 si
1320 4731 1503 4794 membrum

1400 4857 1488 4918 i9‘
