3488 5250
629 319 714 376 Anno
738 315 831 395 1360.
854 350 898 361 --
922 315 952 377 ό.
976 320 1088 377 martii.
1439 337 1498 398 159

234 424 417 433 ——-——-

341 528 419 590 Item
443 528 569 590 Malech
593 542 703 589 contra
728 526 822 588 Sosse
847 528 952 609 primo
977 529 1090 589 citatus
1114 547 1179 589 non
1205 529 1393 612 comparuit.

341 636 419 697 Item
444 634 566 718 Wythe
595 648 696 696 sartor
720 648 830 695 contra
854 634 1048 717 Dyonisium
1071 634 1270 696 sacerdotem
1294 635 1435 697 secundo
1457 635 1500 696 ci-

203 767 205 771 ¹
234 754 320 803 tatus
345 760 412 803 non
438 740 627 823 comparuit.

342 847 419 910 Item
456 846 609 908 Nicolaus
652 845 799 906 sacerdos
831 859 941 907 contra
973 847 1117 907 Marcum
1149 845 1324 907 Boniolum
1355 845 1395 906 ad
1425 859 1501 908 octo

236 954 305 1016 dies
328 953 448 1035 recepit
471 952 646 1014 termInum
671 951 710 1013 ad
735 951 1010 1033 respondendum.

341 1061 420 1122 Item
456 1060 589 1140 Maryna
620 1057 781 1139 penestica
823 1072 854 1119 et
887 1058 955 1120 eius
986 1058 1120 1119 maritus
1150 1071 1259 1119 contra
1288 1056 1500 1119 WIkmanum

232 1166 378 1228 secundo
402 1165 488 1226 citati
517 1184 582 1225 non
607 1176 866 1246 comparuerunt.

342 1272 420 1334 Item
452 1269 599 1332 Andreas
634 1267 722 1330 faber
755 1266 865 1330 contra
894 1269 933 1330 N.
966 1269 1084 1330 ruffum
1118 1268 1260 1330 secundo
1292 1269 1405 1329 citatus
1435 1286 1500 1328 non

236 1377 425 1460 comparuit.

342 1484 420 1545 Item
445 1481 575 1564 Cecylia
601 1494 711 1542 contra
735 1479 883 1541 Iuaucam
909 1479 1014 1561 primo
1037 1481 1130 1541 citata
1155 1499 1219 1542 non
1245 1476 1444 1561 comparuit.'

344 1590 422 1650 Item
447 1608 527 1649 uxor
557 1586 709 1648 Domiani
741 1586 886 1647 woschar
916 1600 1026 1647 contra
1050 1586 1248 1647 Domianum
1272 1586 1311 1649 de
1342 1586 1500 1648 Kraleuch

236 1696 341 1780 primo
366 1695 458 1756 citata
483 1712 548 1755 non
573 1692 762 1773 comparuit.

344 1801 422 1862 Item
448 1799 534 1860 idem
559 1798 737 1859 Domianus
761 1798 801 1858 de
826 1796 986 1859 Kraleuch
1011 1811 1120 1858 contra
1138 1797 1346 1859 Valentinum
1370 1796 1411 1857 ad
1428 1811 1501 1859 octo

238 1906 306 1968 dIes
330 1907 363 1967 in
387 1893 518 1967 sui'filii
543 1923 678 1985 persona
702 1904 822 1984 recepit
846 1903 1017 1965 terminum
1042 1902 1083 1963 ad
1107 1902 1379 1983 respondendum.

344 2012 421 2074 Item
448 2009 574 2072 Malech
598 2009 694 2070 Zolar
725 2023 835 2070 contra
867 2009 1052 2070 Emericum
1085 2008 1230 2070 Kochich
1261 2009 1366 2090 primo
1390 2009 1503 2070 citatus

237 2138 302 2180 non
327 2118 516 2201 comparuit.

342 2225 420 2286 Item
430 2224 526 2285 Iuana
536 2222 701 2285 Zolaricha
715 2237 824 2284 contra
838 2221 1114 2303 Cernkamprimo
1125 2221 1218 2282 citata
1232 2240 1297 2283 non
1308 2221 1500 2303 comparuit.

318 2443 413 2530 Nota,
443 2443 530 2532 quod
559 2442 645 2513 feria
672 2452 771 2512 sexta
799 2443 1052 2530 proximante
1080 2440 1281 2511 domInicam
1309 2438 1415 2511 Oculi.

771 2589 816 2667 (6.
846 2593 969 2668 marlii).

344 2752 452 2812 PrImo
479 2751 554 2811 Iuan
581 2764 690 2811 contra
714 2749 886 2810 Nicolaum
917 2749 1022 2830 primo
1046 2749 1159 2811 citatus
1180 2768 1245 2810 non
1270 2748 1459 2829 comparuit.

345 2858 423 2919 Item
441 2877 534 2918 causa
552 2876 614 2936 que
633 2855 765 2918 vertitur
782 2855 864 2916 inter
880 2855 1023 2916 relictam
1042 2856 1115 2915 Kun
1134 2868 1163 2915 et
1181 2854 1345 2915 Emricum
1360 2854 1504 2916 Kochich

237 2964 278 3025 ad
303 2977 375 3025 octo
400 2963 468 3024 dies
492 2962 532 3023 ad
556 2960 761 3023 concordiam
786 2975 833 3021 est
856 2943 1037 3042 prorogata.

344 3068 422 3129 Item
459 3067 604 3129 Cernech
640 3066 796 3128 ZeIezche
839 3079 948 3126 contra
985 3066 1113 3126 Petrum
1150 3065 1255 3146 primo
1291 3066 1404 3126 citatus
1438 3084 1503 3126 non

239 3176 427 3256 comparuit.

344 3280 422 3341 Item
448 3280 544 3340 Iuana
568 3278 659 3358 nIgra
683 3291 793 3339 contra
821 3276 992 3338 Crisanum
1026 3277 1065 3337 de
1090 3276 1240 3337 Pobresia
1274 3276 1379 3357 primo
1411 3275 1504 3336 citata

240 3405 306 3447 nou
331 3385 522 3466 comparuit.

345 3492 423 3551 Item
449 3509 628 3570 causaque
653 3489 786 3550 verritur
810 3489 891 3550 inter
922 3489 1085 3548 Andream
1118 3486 1243 3548 fabrum
1269 3501 1300 3547 et
1323 3486 1362 3547 N.
1387 3485 1504 3547 ruffum

239 3597 281 3659 ad
305 3596 444 3677 primum
470 3595 625 3674 judicium
656 3595 713 3655 sub
746 3583 849 3655 forma
880 3594 965 3674 pacis
997 3607 1043 3654 est
1066 3606 1236 3674 prorogata
1260 3606 1291 3653 et
1323 3605 1433 3652 contra
1458 3590 1503 3654 St.

239 3716 394 3765 sartorem
418 3702 576 3762 sImilirer.

346 3807 422 3867 Item
442 3806 552 3866 Maren
570 3819 657 3866 sutor
681 3819 791 3865 contra
810 3802 974 3866 Gerdnam
990 3804 1096 3885 primo
1106 3804 1219 3865 citatus
1236 3821 1301 3863 nou
1315 3800 1504 3883 comparuit.

345 3911 424 3971 Item
448 3911 556 3973 Petres
580 3925 689 3972 contra
722 3911 882 3972 CernIram
918 3910 957 3970 ad
991 3924 1063 3971 octo
1088 3909 1156 3970 dies
1188 3908 1307 3989 recepit
1331 3907 1505 3969 terminum

244 4018 284 4080 ad
309 4016 580 4097 respondendum.

345 4123 424 4184 Item
444 4125 576 4206 Maryna
595 4122 754 4203 penestica
774 4136 883 4183 contra
900 4121 1113 4183 Wlkmanum
1129 4135 1243 4182 octavo
1260 4119 1312 4181 die
1329 4131 1394 4181 met
1409 4119 1505 4180 tercia

240 4247 337 4309 super
361 4230 547 4290 verberibus
569 4227 671 4309 jurare
697 4228 800 4289 debet.

348 4336 425 4396 Item
458 4350 571 4396 octavo
604 4335 655 4395 die
691 4334 731 4394 N.
767 4331 926 4394 aurifaber
961 4331 1064 4411 jurare
1098 4331 1193 4392 debet
1224 4344 1334 4392 contra
1370 4329 1506 4391 Jancech

242 4442 406 4521 quondam
430 4439 588 4501 famulum
612 4459 705 4500 suum
737 4459 832 4521 super
865 4439 974 4500 debito
1001 4438 1087 4499 Lxx
1120 4436 1325 4498 denariorum
1350 4448 1382 4497 et
1405 4435 1506 4512 nutri·-

242 4562 352 4609 mento
377 4546 461 4607 facto
484 4565 579 4627 super
602 4545 753 4607 eundem.

348 4653 425 4714 Item
464 4651 589 4713 Malech
625 4665 734 4712 contra
770 4650 916 4712 Cernech
952 4669 1086 4731 parvum
1119 4647 1261 4710 secundo
1293 4647 1406 4708 citatus
1441 4663 1507 4706 uon

244 4759 434 4839 comparuit.
