3488 5250
268 361 329 440 164
665 363 751 419 Anno
774 358 864 439 1360.
902 376 1006 440 -14.
1031 364 1145 437 aprilis.

370 571 447 633 Item
472 586 585 634 octavo
610 571 662 633 die
687 571 809 654 Symon
838 583 926 633 sutor
957 586 1065 634 contra
1091 571 1261 634 Nicolaum
1293 574 1527 655 carpentarium

265 698 322 760 per
346 676 547 759 Mychaelem
565 677 763 739 sacerdotem
781 692 812 739 et
835 677 969 739 luanum
986 697 1081 760 super
1098 679 1284 740 verberibus
1306 678 1527 741 testImonium

263 783 441 865 producere
468 783 572 847 debet.

371 889 448 952 Item
473 890 641 971 Draganus
663 904 752 952 sutor
768 904 878 952 contra
902 891 1030 952 Petrum
1047 891 1150 953 filium
1167 891 1280 953 decani
1305 891 1345 952 ad
1369 905 1443 953 octo
1459 892 1528 954 dies

263 997 383 1077 recepit
406 997 578 1058 terminum
603 997 644 1058 ad
667 996 939 1078 respondendum.

371 1103 450 1164 Item
475 1103 613 1164 Iacobus
637 1104 711 1164 Kun
736 1115 844 1163 contra
877 1101 1068 1164 Michaelem
1094 1101 1194 1165 Saffar
1226 1102 1266 1164 ad
1291 1115 1364 1165 octo
1389 1102 1457 1164 dies
1480 1123 1526 1164 re-

265 1209 349 1291 cepit
372 1209 544 1271 terminum
568 1208 608 1270 ad
632 1208 904 1290 respondendum.

369 1315 446 1377 Item
471 1335 565 1376 causa
589 1334 651 1397 que
684 1315 817 1375 vertitur
849 1314 931 1375 inter
955 1312 1151 1375 Christinam
1184 1327 1214 1377 et
1238 1314 1462 1397 Meynardum,
1485 1314 1526 1377 ad

264 1420 376 1482 feriam
401 1433 522 1482 sextam
546 1421 724 1502 proximam
750 1419 789 1480 ad
812 1419 1007 1482 relacionem
1031 1419 1205 1481 testImonii
1230 1421 1280 1481 veI
1304 1421 1391 1502 pacis
1409 1419 1527 1500 fiende,

264 1524 501 1607 perhemptorie
525 1539 571 1586 est
593 1539 775 1607 prorogata.

369 1631 446 1692 Item
471 1650 651 1713 causaque
683 1631 816 1692 vertitur
846 1631 927 1692 inter
950 1629 1171 1692 Konchlinum
1203 1643 1234 1692 et
1264 1629 1418 1692 Mathiam
1443 1630 1526 1691 litte·

264 1751 368 1798 ratum
392 1737 433 1798 ad
457 1751 530 1799 octo
555 1737 623 1798 dies
645 1749 692 1798 est
715 1749 894 1819 prorogata.

370 1841 446 1903 Item
471 1862 564 1904 causa
590 1861 653 1924 que
678 1842 810 1905 vertitur
834 1842 916 1904 inter
947 1841 1125 1903 Francham
1151 1856 1182 1904 et
1213 1841 1385 1903 Nicolaum
1409 1840 1526 1902 ruffum

265 1947 304 2008 ad
330 1962 403 2008 octo
428 1948 495 2008 dies
519 1948 557 2009 ad
582 1967 694 2030 pacem
719 1962 765 2010 est
786 1961 967 2030 prorogata.

369 2054 447 2116 Item
468 2054 664 2115 Wlkmanus
681 2067 789 2115 contra
808 2053 977 2115 Radeuum
994 2053 1099 2135 primo
1116 2053 1230 2114 citatus
1246 2073 1311 2115 non
1336 2051 1525 2136 comparuit.

368 2160 446 2222 Item
470 2158 567 2220 Iuana
591 2159 706 2221 mulier
730 2174 842 2221 octavo
867 2159 919 2221 dle
943 2172 1008 2221 met
1027 2159 1124 2220 tercia
1149 2172 1259 2221 contra
1283 2158 1454 2221 Crisanum
1478 2157 1526 2238 ju·

263 2287 331 2328 rare
355 2267 459 2329 debet.

370 2372 447 2433 Item
472 2383 586 2432 octavo
611 2371 662 2432 die
687 2371 887 2452 Margaretha
904 2370 1100 2432 Brodaricha
1125 2384 1235 2433 contra
1259 2390 1392 2432 uxorem
1416 2371 1525 2431 Petres

264 2478 418 2560 loripedis
442 2496 498 2558 per
522 2496 654 2538 uxorem
679 2476 832 2537 Iohannis
861 2476 1006 2554 Barbaci,
1038 2477 1192 2559 Zlaykam
1217 2489 1248 2538 et
1280 2480 1408 2538 Annam
1432 2495 1527 2558 super

264 2584 430 2665 vituperiis
454 2582 675 2645 testImonium
702 2583 878 2664 producere
902 2582 1008 2644 debet.

369 2688 446 2751 Item
470 2688 555 2749 filius
579 2687 658 2750 Suik
683 2688 789 2749 Iunior
813 2701 922 2749 contra
947 2687 1126 2749 Johannem
1160 2688 1327 2750 Laurencii
1352 2688 1457 2769 primo
1482 2687 1525 2748 ci·

262 2807 346 2856 tatus
375 2813 439 2856 non
464 2793 652 2875 comparuit.

369 2899 447 2961 Item
471 2899 545 2980 quia
559 2899 670 2960 Petrus
686 2898 782 2960 Zolar
798 2899 966 2960 Marenum
982 2898 1121 2980 juratum
1137 2899 1339 2981 vituperavit,
1356 2899 1523 2960 convictus

267 3018 313 3066 est
337 3005 369 3066 in
393 3004 513 3086 judicio
537 3004 671 3066 duarum
697 3023 876 3065 marcarum
899 3005 981 3087 parti
1006 3005 1136 3066 adverse
1153 3004 1379 3066 solvendarum
1404 3017 1435 3066 et
1458 3025 1525 3066 me·

265 3109 351 3171 diam
376 3109 484 3192 judici.

369 3215 447 3277 Item
472 3215 665 3277 deliberacio
698 3235 791 3277 cause
823 3217 905 3278 inter
936 3217 1091 3278 Iacobum
1116 3215 1235 3278 Cosme
1266 3230 1296 3278 et
1319 3215 1524 3278 scolasticum

265 3334 351 3383 mote
375 3321 447 3383 talis
463 3334 520 3399 est,
545 3322 631 3402 quod
654 3321 720 3402 ipse
740 3322 923 3383 scolasticus
939 3322 1061 3383 tamdiu
1079 3321 1181 3384 donec
1204 3320 1289 3383 fiIIus
1313 3321 1389 3382 dicti
1414 3321 1525 3383 Jacobi

266 3427 459 3488 recreabitur
475 3441 530 3488 aut
552 3428 717 3506 morietur,
733 3429 792 3488 sub
810 3427 990 3508 juramento
1007 3427 1154 3510 deposito
1178 3447 1196 3488 a
1221 3426 1300 3488 facie
1317 3426 1393 3507 juris
1409 3447 1443 3488 se
1459 3446 1525 3489 non

265 3532 449 3610 abscondet,
473 3551 531 3593 nec
556 3553 573 3593 a
598 3532 721 3594 iusticia
745 3533 895 3595 exulabit.
921 3533 954 3594 Si
979 3552 1054 3595 vero
1083 3533 1209 3594 exulare
1235 3552 1309 3594 eum
1333 3533 1526 3615 contIogerit

264 3650 295 3699 et
319 3637 438 3698 dictum
475 3657 611 3719 puerum
646 3639 747 3716 mori,
784 3651 898 3700 extunc
934 3639 1094 3701 dabuntur
1128 3640 1232 3701 littere
1271 3640 1526 3702 sentencionales

264 3756 373 3803 contra
397 3743 521 3824 ipsum;
546 3742 654 3805 medio
679 3744 780 3805 eciam
808 3758 953 3826 tempore
986 3764 1074 3805 arma
1099 3750 1180 3806 serre
1211 3764 1277 3806 non
1303 3745 1443 3826 debebit,
1468 3766 1526 3808 nec

263 3848 384 3909 dictum
409 3849 566 3910 Iacobum
601 3849 764 3912 offendere
795 3851 893 3911 verbo
918 3851 969 3911 vel
1001 3848 1095 3928 facto,
1127 3870 1222 3931 quem
1247 3851 1271 3911 si
1303 3851 1472 3915 offenderit
1495 3866 1526 3914 et

263 3954 427 4015 convIctus
452 3953 556 4034 fuerit,
580 3955 781 4017 reiterabitur
805 3955 837 4015 in
861 3956 1027 4037 pristinam
1053 3956 1277 4036 penitenciam.

369 4061 446 4121 Item
471 4059 551 4122 infra
576 4076 724 4124 octavum
749 4062 834 4122 diem
859 4062 1010 4123 Marenus
1034 4061 1164 4141 juratus,
1189 4062 1268 4124 alter
1285 4064 1435 4125 Marenus
1459 4084 1524 4124 car-

263 4164 359 4244 nifex,
383 4165 467 4227 filius
493 4167 604 4228 Kuche
629 4181 660 4229 et
683 4167 759 4228 Iuan
785 4167 924 4229 Plauech
942 4180 1090 4229 tenentur
1114 4168 1237 4228 solvere
1263 4167 1406 4249 Georgio
1431 4170 1525 4231 Zolar

263 4271 321 4331 XV
345 4291 459 4353 pensas
482 4291 554 4333 cum
579 4273 686 4335 media
710 4273 927 4335 denariorum.

369 4376 446 4439 Item
470 4378 495 4438 si
520 4376 602 4440 infra
626 4392 699 4441 octo
724 4378 792 4441 dIes
816 4379 930 4461 Artuig
947 4379 1157 4442 stacionarius
1183 4400 1256 4442 cum
1281 4380 1435 4442 Bernario
1460 4401 1524 4442 non

263 4482 480 4561 concordabit,
504 4497 580 4545 tunc
603 4484 752 4567 quitquid
770 4485 838 4567 ipse
861 4485 976 4567 Artuig
1000 4484 1062 4546 fide
1079 4505 1134 4546 sua
1156 4486 1319 4548 medlente
1343 4487 1446 4568 ipsum
1464 4487 1522 4547 sibi

263 4586 348 4649 dicet
369 4589 481 4666 teneri,
505 4589 629 4651 solvere
653 4589 795 4653 debebit.

368 4694 445 4756 Item
470 4695 502 4756 In
526 4694 646 4776 judicio
670 4696 807 4778 presenti
839 4696 1003 4757 Arnoldus
1035 4695 1176 4759 Gracioli
1209 4710 1319 4759 contra
1342 4696 1522 4759 Johannem

265 4800 419 4883 Neterger
443 4820 627 4885 comparere
653 4814 684 4864 et
706 4802 900 4884 respondere
925 4802 1073 4882 debebat,
1097 4817 1128 4866 et
1145 4823 1209 4866 non
1234 4804 1321 4866 venit
1345 4823 1403 4865 nec
1427 4803 1525 4884 misit,
