3488 5250
612 347 697 405 Anno
720 344 810 424 1362,
832 382 874 391 -
897 361 945 423 25.
964 348 1124 424 februarii.

346 555 426 616 Item
473 555 582 618 relicta
618 555 708 618 Pricb
747 572 856 618 contra
894 557 1129 637 Margaretham
1169 557 1274 638 primo
1310 556 1402 617 citata
1443 575 1507 618 non

241 661 432 741 comparuit.

346 766 424 827 Item
449 766 553 848 prImo
578 765 698 846 judicio
722 768 879 829 adventus
901 766 1077 848 Gregurich
1101 768 1168 849 ipse
1194 766 1371 848 Gregurich
1398 780 1507 829 contra

243 870 386 931 relictam
421 870 505 932 Petri
540 873 656 954 Loytre
688 892 745 955 per
775 872 1000 955 Meynardum,
1033 874 1171 935 Poussm
1203 888 1234 934 et
1258 873 1378 934 Lucam
1404 872 1507 934 filiurn

246 974 354 1037 Rados
385 989 415 1037 et
438 977 610 1038 Nicolaum
641 978 861 1040 testImonium
887 978 1063 1060 producere
1089 978 1184 1040 debet
1215 998 1310 1060 super
1333 997 1392 1055 eo,
1416 978 1505 1059 quod

241 1100 359 1142 novem
384 1101 505 1144 marcas
529 1102 586 1164 pro
611 1084 718 1165 precio
743 1083 859 1145 domus
883 1083 1032 1145 dedisset.

346 1186 423 1248 Item
448 1188 558 1250 Petrus
589 1208 684 1250 nosar
716 1204 825 1251 contra
850 1191 1017 1251 Mortonos
1040 1189 1220 1252 sellatorem
1247 1189 1352 1271 primo
1392 1188 1508 1249 citatus

240 1311 305 1352 non
331 1294 520 1375 comparuit.

347 1397 424 1459 Item
442 1418 522 1460 uxor
538 1399 698 1462 Crizozlai
717 1415 826 1462 contra
848 1403 964 1463 Katsm
988 1401 1092 1482 primo
1120 1402 1214 1462 citata
1231 1421 1296 1463 non
1315 1401 1505 1481 comparuit.

346 1503 423 1564 Item
450 1524 543 1566 causa
575 1525 638 1587 que
669 1508 802 1569 vertitur
827 1508 908 1570 Inter
941 1509 1085 1570 Marcum
1113 1522 1144 1568 et
1175 1506 1438 1568 Bartholomeum
1465 1505 1505 1566 ad

239 1621 312 1669 octo
337 1608 405 1670 dies
430 1624 476 1672 est
499 1611 539 1672 ad
563 1632 674 1693 pacem
700 1628 880 1694 prorogata.

345 1714 422 1776 Item
447 1735 503 1796 per
535 1719 762 1780 atestacionem
795 1720 949 1781 Demetrii
982 1718 1177 1781 fideiussoris
1208 1718 1396 1799 Gregurich,
1417 1718 1504 1780 XXII

239 1817 390 1898 florenos,
414 1840 472 1901 pro
496 1823 614 1903 quibus
638 1824 705 1906 ipse
730 1825 912 1886 DemetrIus
937 1825 1030 1887 Petro
1060 1826 1178 1907 Loytre
1211 1823 1433 1901 fideiubuerat,
1457 1842 1505 1884 re·

239 1939 349 2004 pertus
374 1941 420 1987 est
445 1928 511 2009 ipse
535 1929 737 2010 persolvisse,
759 1931 910 1992 videlicet
933 1931 1027 1992 Petro

346 2034 422 2095 Item
448 2036 552 2116 primo
578 2036 697 2116 judicIo
722 2038 878 2099 adventus
902 2038 1058 2120 presentis
1074 2036 1185 2098 Jacobi
1210 2035 1267 2097 filii
1293 2037 1370 2097 lake
1395 2037 1426 2097 in
1445 2037 1505 2098 Za·

237 2137 393 2218 grabiam,
418 2140 599 2203 Demetrius
622 2162 679 2224 per
703 2143 807 2225 ipsum
833 2144 1000 2221 Iacobum,
1032 2144 1161 2204 Petrum
1194 2156 1224 2203 et
1249 2142 1335 2223 Span
1359 2143 1504 2204 testimo·

239 2244 328 2305 nium
362 2246 538 2327 producere
571 2247 666 2310 debet
690 2269 785 2330 super
807 2250 894 2310 XXII
927 2249 1056 2310 florenis
1079 2249 1112 2309 iu
1136 2248 1302 2309 solucione
1334 2268 1391 2329 pro
1425 2247 1504 2310 Gre-

238 2351 331 2430 gorio
357 2350 448 2415 facta.

345 2455 422 2517 Item
447 2472 560 2520 octavo
585 2460 637 2520 die
667 2460 766 2520 Iunas
797 2458 927 2520 sellator
958 2473 1067 2520 contra
1093 2459 1261 2520 dominum
1294 2459 1446 2520 lectorem
1473 2471 1504 2519 et

238 2559 306 2621 eius
331 2559 460 2624 fratrem
483 2583 540 2645 per
562 2564 607 2627 St.
625 2565 799 2644 Lourandi,
817 2565 980 2626 Donatum
999 2566 1108 2643 Trost,
1125 2563 1251 2628 Cusech
1276 2577 1307 2625 et
1324 2564 1503 2625 Francham

237 2666 457 2728 testimonium
490 2669 667 2751 producere
699 2672 804 2748 debet,
836 2671 925 2751 quod
958 2670 1131 2751 quemdam
1164 2690 1292 2732 causam
1317 2690 1373 2751 per
1397 2671 1502 2750 ipsum

238 2771 406 2835 dominum
443 2775 594 2836 lectorem
632 2776 772 2839 infacto
808 2778 918 2838 metali
953 2791 1099 2856 motam,
1135 2776 1299 2857 judiciarie
1334 2777 1502 2837 terminata

238 2879 400 2941 extitisset.

343 2987 421 3047 Item
455 3002 569 3049 octavo
601 2987 653 3049 die
687 2987 864 3069 Gregorius
895 3004 984 3050 sutor
1014 3002 1124 3049 contra
1155 2988 1318 3049 Andream
1343 2985 1502 3048 famulum

237 3089 349 3153 decani
373 3112 405 3153 se
430 3093 589 3154 secundus
614 3093 739 3173 iurabit,
764 3094 852 3175 quod
877 3114 932 3175 per
957 3094 1060 3176 ipsum
1087 3092 1180 3154 luerit
1204 3093 1400 3156 vulneratus.

343 3198 420 3259 Item
444 3199 548 3278 jurati,
573 3201 733 3281 ceterique
752 3200 836 3261 cives
852 3199 1126 3280 adjudicaverunt,
1151 3213 1185 3259 ut
1202 3197 1333 3259 domine
1358 3199 1497 3261 consorti

238 3303 434 3364 Marketonis
458 3304 649 3384 notificetur,
673 3319 832 3386 quatenus
852 3306 910 3366 XL
927 3304 1066 3365 florenos
1085 3304 1221 3385 Mykech
1246 3303 1313 3364 filio
1339 3304 1500 3365 Leunardi

237 3408 373 3488 debitos,
405 3411 536 3471 nunciet
567 3411 636 3472 viro
668 3431 727 3471 suo
759 3430 832 3473 cum
866 3410 937 3471 aliis
961 3411 999 3470 III
1032 3409 1172 3486 florenis,
1208 3428 1289 3490 quos
1321 3408 1381 3470 sibi
1415 3408 1501 3470 idem

238 3515 374 3596 Mykech
399 3515 520 3577 dictum
545 3517 724 3578 Marketum
748 3535 807 3577 suo
831 3516 992 3577 mediante
1022 3515 1202 3596 juramento
1226 3514 1326 3575 teneri
1351 3533 1499 3596 compro-

237 3620 334 3698 bavit,
359 3621 483 3682 soIvere
507 3620 588 3682 infra
613 3622 803 3703 quindenas,
827 3641 908 3702 quos
932 3622 957 3681 si
983 3622 1049 3702 ipse
1074 3621 1235 3682 Marketus
1259 3621 1310 3681 vel
1333 3620 1400 3701 ipsa
1424 3639 1500 3681 con·

236 3745 303 3786 sors
328 3726 396 3787 eius
418 3747 476 3809 pro
501 3728 616 3789 eodem
641 3728 765 3789 solvere
784 3727 965 3805 maluerint,
991 3742 1105 3788 extunc
1129 3728 1250 3806 absque
1275 3726 1442 3787 intervallo
1459 3727 1499 3787 de

236 3832 329 3893 bonis
353 3833 452 3914 ipsius
476 3834 610 3894 Marketi
634 3832 757 3915 prelato
783 3833 920 3915 Mykech
937 3852 1077 3913 congrua
1102 3832 1226 3893 solucio
1250 3830 1452 3913 inpendetur.

289 4052 384 4137 Nota,
414 4053 500 4142 quod
528 4053 614 4125 Ieria
641 4061 739 4124 sexta
777 4054 932 4150 proxima
959 4060 1036 4140 post
1064 4052 1185 4122 festum
1215 4054 1304 4122 besti
1334 4052 1444 4139 llatye

789 4176 944 4264 apostoli.

734 4330 797 4405 (25.
814 4327 986 4404 februarir).

341 4470 448 4531 Primo
466 4468 640 4550 Gregorius
656 4468 752 4531 frater
775 4470 849 4529 Jaxe
874 4469 978 4550 primo
996 4468 1115 4549 judicio
1133 4487 1189 4550 per
1205 4467 1341 4528 Paulum
1359 4467 1497 4528 condam

234 4576 373 4658 judicem
406 4590 437 4637 et
467 4576 509 4638 M.
542 4574 644 4636 filium
678 4574 838 4637 Leunardi
871 4575 1090 4636 testImonium
1124 4593 1218 4656 super
1249 4593 1287 4635 eo
1318 4573 1496 4655 producere

234 4682 338 4760 debet,
363 4680 451 4762 quod
476 4701 569 4743 causa
594 4693 738 4763 pretextu
763 4679 929 4741 cuiusdam
961 4679 1135 4740 numeralis
1159 4679 1241 4740 iuter
1264 4679 1370 4760 ipsum
1395 4693 1425 4738 et
1448 4697 1495 4739 re-

234 4786 341 4848 lictam
367 4786 489 4848 Pauleti
514 4799 638 4868 agatata
663 4800 694 4847 et
716 4785 885 4847 terminata
911 4785 1074 4846 extitisset.
