3488 5250
262 352 323 414 340
624 333 710 389 Anno
732 327 823 408 1365.
848 365 889 374 —
913 317 964 392 26.
989 332 1161 405 septembris.

366 544 444 605 Item
468 544 621 606 Nicolaus
645 540 790 603 Pezdech
814 557 923 603 contra
951 542 1139 622 Drugenum
1163 542 1267 623 prima
1284 542 1439 604 citatione
1458 561 1524 603 non

261 651 450 730 comparuit.

368 756 444 817 Item
470 774 550 816 uxor
574 754 618 816 St.
644 753 822 835 Heruatyni
843 772 944 833 usque
967 753 1102 814 tercium
1125 753 1212 813 diem
1243 764 1371 814 tenetur
1394 752 1469 814 dare
1494 767 1524 814 et

261 864 425 924 restituere
442 862 532 923 uxori
555 859 698 921 Peronch
716 859 827 939 viginti
842 859 995 938 zcabicas‚
1012 877 1113 919 unum
1125 858 1258 936 monile,
1272 878 1373 919 unum
1390 858 1525 920 anulum

264 983 294 1030 et
318 989 419 1030 unum
443 967 650 1043 aurifrisium,
674 979 705 1027 et
730 965 769 1026 de
794 966 919 1046 reliquo
950 979 1058 1026 autem
1082 965 1122 1026 ad
1153 979 1226 1026 octo
1252 965 1320 1027 dies
1341 978 1468 1028 tenetur
1491 984 1524 1026 se

261 1090 326 1137 met
349 1090 461 1156 quarta
486 1074 667 1155 juramento
690 1072 851 1134 mediante
877 1090 1062 1153 expurgare.

368 1180 446 1241 Item
471 1178 617 1241 Thomas
641 1197 776 1258 magnus
800 1177 840 1238 ad
864 1191 1049 1258 preceptum
1072 1190 1216 1238 nostrum
1241 1178 1390 1238 omnium
1414 1191 1523 1238 contra

261 1286 434 1347 Martinam
459 1285 642 1346 sellatorem
667 1283 778 1345 debuit
803 1301 951 1365 compare
969 1297 999 1343 et
1019 1282 1094 1343 dare
1111 1282 1272 1343 racionem
1290 1282 1330 1342 de
1347 1281 1524 1365 vituperiis,

261 1410 324 1471 que
351 1391 382 1451 in
408 1389 508 1472 figura
534 1389 633 1452 nostri
657 1389 717 1449 sibi
743 1388 860 1466 intulit,
885 1408 950 1469 quo
976 1388 1114 1450 termino
1139 1406 1204 1448 non
1231 1387 1319 1449 venit
1342 1407 1401 1448 nec
1426 1386 1523 1449 misit.

367 1497 444 1558 Item
470 1497 545 1557 Iuan
570 1496 673 1556 dictus
698 1495 782 1575 Vrag
805 1509 914 1555 contra
938 1493 1078 1556 Vidnam
1102 1493 1142 1553 ad
1166 1495 1353 1574 preceptum
1378 1507 1524 1555 nostrum

261 1622 326 1663 non
350 1602 438 1663 venit
462 1601 640 1663 necmisit.

369 1709 448 1769 Item
472 1708 603 1788 Drugen
628 1720 737 1767 contra
759 1705 928 1766 Nicolaum
946 1704 986 1766 ad
1003 1718 1075 1765 octo
1099 1703 1167 1764 dies
1189 1717 1316 1764 tenetur
1339 1702 1443 1783 jurare
1460 1716 1526 1764 met

261 1813 421 1875 secundus
446 1826 600 1894 propter.
622 1859 654 1874 ..

369 1919 447 1979 Item
472 1938 565 1979 causa
590 1937 652 1999 que
681 1917 813 1979 vertitur
844 1917 926 1994 inter
949 1915 1084 1976 Pausam
1115 1928 1146 1975 et
1168 1914 1249 1976 elios
1282 1927 1329 1976 est
1353 1929 1524 1997 prorogata

261 2022 301 2085 ad
326 2024 466 2106 primum
490 2022 655 2102 judicium.

368 2132 445 2193 Item
471 2151 565 2192 causa
590 2129 709 2191 Finech
734 2145 765 2189 et
789 2128 943 2190 Iohannis
967 2126 1118 2188 Cemmer
1141 2125 1180 2185 ad
1205 2125 1346 2207 primum
1370 2123 1526 2203 judicium

261 2251 308 2299 est
331 2250 512 2319 prorogata.

367 2342 445 2403 Item
470 2361 563 2403 causa
581 2342 662 2402 Zore
679 2355 709 2401 et
726 2339 864 2400 Cristani
889 2351 936 2400 est
960 2351 1128 2419 prorogata
1145 2336 1184 2397 ad
1202 2336 1343 2416 prImum
1368 2335 1524 2414 judicium

262 2461 335 2529 post
358 2447 565 2507 vindemiam.

366 2552 444 2614 Item
471 2551 661 2612 Benedictus
684 2549 813 2630 selIip'ar
844 2563 952 2611 contra
977 2548 1147 2629 Alspecam
1178 2546 1350 2607 mulierem
1375 2557 1421 2607 est
1447 2564 1524 2606 con-

261 2658 363 2719 victus
386 2658 417 2717 in
442 2656 544 2718 tribus
575 2656 680 2736 pensis
704 2673 761 2736 pro
791 2653 897 2735 judice
929 2667 960 2715 et
987 2654 1092 2714 eidem
1123 2652 1258 2733 Alspece
1292 2651 1435 2712 invenire
1467 2669 1524 2711 vo·

262 2763 428 2825 luntatem.
857 2813 859 2818 .

355 2869 445 2929 'Item
470 2866 614 2927 Andreas
638 2879 746 2927 contra
771 2866 959 2946 magistrum
976 2865 1083 2925 Mikus
1106 2882 1201 2946 super
1227 2864 1370 2944 quinque
1396 2861 1526 2923 florenis

261 2994 295 3035 ae
319 2973 499 3053 juramento
524 2972 720 3052 expurgavit.

368 3078 447 3138 Item
472 3077 584 3137 Petrus
607 3076 748 3138 carnifex
772 3090 880 3137 contra
913 3076 1081 3137 dominum
1110 3075 1252 3135 Marcum
1278 3072 1379 3134 filium
1406 3072 1525 3134 Donati

262 3183 367 3264 prima
391 3182 546 3243 citacione
571 3201 636 3242 non
660 3182 848 3263 comparuit.

367 3288 446 3348 Item
471 3287 633 3348 Iohannes
658 3287 745 3348 Puch
768 3306 826 3368 pro
859 3287 1045 3348 vulneribus
1068 3287 1182 3347 Iucech
1218 3299 1344 3346 tenetur
1367 3284 1407 3345 ad
1431 3285 1543 3364 quitt-¹

263 3392 367 3453 decim
400 3392 468 3453 dies
501 3393 624 3452 solvere
656 3393 758 3453 eidem
790 3394 818 3452 V
850 3413 972 3453 marcas
1003 3393 1208 3453 denariorum
1237 3406 1267 3452 et
1297 3390 1395 3469 judici
1426 3392 1525 3451 unam

264 3516 402 3557 marcam
427 3511 458 3557 et
481 3497 608 3557 medico
631 3495 819 3558 satisfacere.

367 3603 446 3663 Item
477 3601 583 3663 Iuicha
616 3615 742 3664 tenetur
773 3602 980 3683 quindecimo
1020 3602 1070 3662 die
1102 3602 1204 3683 jurare
1239 3616 1304 3662 met
1334 3601 1431 3662 tercia
1464 3619 1524 3682 pro

263 3708 401 3788 quadam
427 3708 532 3768 tunica
557 3709 664 3769 uxoris
688 3708 842 3769 Johannis
865 3708 1057 3769 stacionarii.

290 3904 386 3978 FerIa
415 3914 513 3978 sexta
541 3909 695 3995 proxima
724 3915 801 3979 ante
829 3908 951 3978 festum
978 3909 1068 3978 beati
1096 3907 1272 3978 MichaeIIs
1301 3907 1507 3995 archangeli.

755 4055 819 4135 (26.
843 4060 1027 4133 septembris).

372 4243 559 4260 ........
585 4210 694 4258 contra
717 4198 896 4258 Iohannem
927 4198 1124 4259 sacerdotem
1150 4199 1252 4279 prima
1277 4197 1434 4260 citacione
1458 4216 1525 4258 non

263 4303 453 4383 comparuit.

370 4409 447 4469 Item
472 4427 564 4468 causa
591 4409 740 4489 Symonis
761 4424 792 4470 et
809 4409 916 4470 Petres
940 4408 1046 4469 claudi
1062 4409 1101 4468 ad
1128 4410 1322 4490 peticionem
1346 4409 1525 4489 proborum

264 4493 407 4573 virorum
432 4528 478 4574 est
501 4528 682 4593 prorogata.

369 4616 448 4678 Item
480 4618 576 4700 Elyas
607 4616 766 4680 aurifaber
796 4619 965 4700 assumpsit
994 4619 1213 4679 testImonium
1250 4617 1425 4700 producere
1450 4635 1525 4678 cum

264 4721 398 4782 Nicolao
422 4737 552 4801 emtore,
575 4723 709 4785 Alberto
733 4724 871 4785 litterato
895 4738 926 4785 et
953 4725 991 4786 N.
1016 4722 1110 4784 fratre
1135 4724 1205 4786 Elie
1233 4737 1343 4785 contra
1367 4722 1525 4784 Iacobum

264 4822 367 4886 filium
391 4826 568 4890 PIntiIrach.
