3488 5250
268 560 433 643 ponuisset
456 579 506 639 eo,
532 561 620 642 quod
643 580 693 622 res
716 574 748 622 et
771 559 918 631 homines
942 560 1065 622 domini
1089 560 1138 621 sui
1170 560 1338 622 latrocinio
1363 580 1452 623 more
1476 581 1533 644 per

269 665 424 747 quosdam
459 666 606 728 homines
636 666 800 748 depredati
833 666 932 727 libere
967 666 1163 728 transeundo
1195 666 1387 748 extitissent,
1419 681 1450 728 et
1471 667 1533 728 hiis

269 771 381 832 edictis
403 771 519 853 reliqui
552 771 617 833 duo
649 770 760 833 famuli
792 771 951 833 eiusdem.
968 771 1091 833 domini
1122 772 1156 832 P.
1188 772 1446 854 supervenissent
1469 772 1530 834 hoc

268 877 355 939 idem
379 891 631 959 conquerentes3
655 891 686 939 et
709 877 840 939 tandem
860 878 1107 940 consurrexisset
1139 877 1205 960 ipse
1230 877 1340 939 Filech
1363 878 1403 938 ad
1427 892 1532 961 partes

269 981 368 1063 ipsius
392 983 471 1045 Petlr
495 997 526 1045 et
549 1002 688 1044 unacum
713 983 783 1065 ipso
807 997 838 1045 et
860 982 932 1044 aliis
960 983 1059 1064 ipsius
1082 981 1211 1044 famulis
1242 982 1282 1044 ad
1307 983 1530 1065 cognitionem

268 1088 412 1169 ipsorum
435 1087 605 1149 hominum
630 1088 837 1168 transivisset,
861 1102 892 1150 et
923 1100 1153 1170 cognoscentes
1178 1089 1265 1171 ipsos
1295 1088 1443 1150 homines
1465 1108 1532 1150 esse

267 1194 308 1254 de
333 1193 508 1273 Kralouch,
533 1193 572 1255 ad
597 1213 709 1255 cenam
733 1213 878 1255 reversus
900 1192 1022 1255 fuisset.
1054 1194 1113 1254 Per
1137 1193 1298 1256 modicam
1322 1194 1531 1276 postmodum

268 1299 381 1361 horam
412 1299 544 1381 quidam
578 1298 618 1360 de
649 1299 742 1360 dictis
772 1299 1000 1381 jobagionibus
1030 1299 1063 1361 in
1094 1299 1193 1382 ipsius
1223 1299 1355 1382 plebani
1391 1299 1533 1376 cenantis

267 1406 465 1488 presenciam
488 1405 650 1467 venissent
674 1418 704 1465 et
727 1424 783 1487 per
805 1404 953 1465 homines
968 1404 1093 1466 domini
1118 1404 1202 1467 Petri
1225 1422 1403 1486 percussos,
1419 1404 1531 1465 vulne-

270 1524 355 1573 ratos
378 1525 409 1572 et
433 1510 624 1593 depredatos
647 1530 680 1572 se
703 1511 870 1591 conquesti
889 1509 1032 1589 luissent,
1057 1511 1112 1572 ubi
1129 1511 1286 1593 plebanus
1310 1510 1377 1592 ipse
1400 1529 1532 1593 respon-

269 1617 378 1695 disset,
402 1616 490 1698 quod
514 1615 592 1677 hora
617 1615 717 1698 ipsius
733 1616 863 1697 querele
888 1616 919 1678 in
937 1617 1075 1677 crastino
1098 1615 1268 1677 haberetur
1284 1630 1314 1676 et
1337 1634 1403 1676 non
1427 1635 1531 1692 nunc3

268 1736 298 1783 et
323 1741 361 1784 eo
387 1722 472 1783 dicto
497 1721 593 1784 frater
616 1721 792 1805 Dyonisius
814 1721 954 1800 dixisset,
986 1721 1074 1804 quod
1099 1722 1158 1805 ipsi
1191 1721 1380 1803 jobsgiones
1402 1735 1532 1804 propter

269 1827 455 1890 huiusmodi
480 1847 592 1889 eorum
617 1828 745 1909 culpam
768 1847 881 1889 omnes
909 1828 979 1910 capi
1012 1841 1043 1889 et
1065 1827 1200 1888 detineri
1233 1826 1441 1902 deberentur3
1465 1844 1531 1908 quo

267 1934 353 1995 dicto
377 1934 436 2015 ipsi
460 1934 648 2015 jobagiones
671 1933 824 1995 dixissent
847 1952 921 1995 mox
945 1934 977 1995 in
995 1952 1050 1995 eos
1074 1934 1241 2012 irruamus,
1277 1947 1308 1995 et
1330 1932 1461 1994 tandem
1488 1950 1527 1994 eo

267 2040 353 2101 dicto
377 2040 498 2121 sagittis
522 2053 554 2101 et
576 2041 673 2100 armis
697 2040 728 2100 in
754 2058 809 2100 eos
839 2039 1003 2100 irruissent
1026 2052 1057 2100 et
1087 2037 1241 2101 fenestras
1273 2051 1304 2101 et
1326 2038 1431 2100 hostia
1455 2057 1530 2099 con·

268 2145 446 2227 frangendo
470 2146 582 2207 ineos
614 2145 811 2226 sagitassent,
843 2158 873 2206 et
906 2144 1052 2227 pluribus
1082 2144 1268 2206 enormibus
1298 2143 1432 2226 turpiter
1463 2140 1530 2205 alfi-

266 2253 386 2313 cientes
419 2264 672 2333 pertractassent,
707 2250 761 2310 ubi
797 2249 858 2310 nisi
894 2247 969 2331 luge
992 2250 1132 2332 presidio
1165 2249 1347 2327 evasissent,
1381 2248 1529 2311 homines

267 2357 367 2439 ipsius
390 2356 513 2417 domini
539 2356 571 2417 P.
590 2353 802 2436 proculdubio
820 2352 953 2415 fuissent
969 2354 1178 2437 interrempti.
1202 2390 1243 2403 -
1261 2354 1304 2415 Hi
1329 2354 1416 2415 enim
1440 2353 1528 2434 joba·

266 2462 379 2544 giones
401 2481 456 2522 sex
478 2459 530 2522 vel
545 2461 569 2520 si
595 2479 660 2521 non
684 2458 802 2520 luerint
826 2459 931 2540 plures
954 2461 1061 2522 traditi
1078 2474 1151 2522 sunt
1172 2460 1321 2522 manibus
1341 2460 1465 2522 domini
1492 2461 1527 2522 P.

267 2581 419 2648 tanquam
444 2566 488 2626 rei
512 2564 667 2646 puniendi
690 2564 776 2626 iuxta
801 2564 998 2645 exigenciam
1023 2566 1169 2628 demeriti
1194 2565 1347 2648 ipsorum.

374 2671 452 2732 ltem
477 2690 571 2731 causa
594 2669 740 2750 gardiani
765 2683 796 2733 et
818 2670 922 2732 tocius
954 2684 1132 2733 conventus
1163 2672 1246 2733 beati
1271 2670 1432 2733 Francisci
1455 2689 1531 2732 con·

267 2775 396 2837 sessoris
420 2775 459 2836 de
483 2775 637 2855 Zagrabia
663 2789 694 2837 et
717 2775 884 2837 Mortonos
907 2776 1059 2859 sellipari,
1084 2776 1123 2837 de
1141 2776 1306 2839 voluntate
1328 2777 1473 2859 parcium
1489 2776 1530 2839 ad

268 2882 448 2963 quindenas
472 2879 550 2942 ferie
566 2894 651 2941 sexte
676 2895 748 2962 post
771 2879 886 2943 festum
903 2883 987 2943 beati
1005 2881 1172 2944 Michaelis
1188 2882 1332 2965 proxime
1349 2884 1408 2945 sub
1425 2880 1529 2944 forma

267 2987 354 3070 pacis
376 2999 423 3047 est
446 2999 626 3067 prorogata.

373 3093 450 3153 ltem
475 3079 503 3151 si
525 3091 626 3153 Cursa
640 3091 679 3152 de
696 3092 831 3154 Rabuch
847 3092 1036 3173 particulam
1060 3093 1177 3155 domus
1193 3112 1249 3154 sue
1266 3093 1306 3154 ad
1323 3093 1402 3154 duas
1419 3092 1528 3175 pedes,

269 3197 545 3279 quemadmodum
570 3196 648 3258 alias
662 3211 707 3258 est
730 3199 894 3280 scriptum,
919 3218 1020 3280 usque
1037 3213 1186 3261 octavum
1209 3199 1296 3260 diem
1320 3218 1386 3260 non
1409 3217 1529 3259 remac-

267 3303 357 3380 tabit‚
374 3316 489 3364 extunc
506 3303 613 3363 Petres
629 3301 768 3364 carnifex
792 3302 925 3366 liberam
943 3304 1138 3366 remactandi
1164 3306 1197 3366 in
1221 3305 1357 3387 propriis
1382 3306 1529 3386 expensis

267 3407 308 3469 ad
333 3408 509 3490 dampnum
535 3407 622 3469 illius
645 3410 840 3471 remactandi
864 3409 994 3471 habebit
1018 3408 1213 3487 facultatem,
1237 3409 1326 3491 quod
1350 3409 1529 3492 dampnum

268 3513 363 3594 judex
388 3514 426 3574 de
452 3515 544 3575 bonis
577 3514 662 3576 illius
693 3514 823 3576 debebit
854 3529 1046 3594 restaurare,
1079 3535 1137 3577 nec
1169 3534 1234 3576 non
1267 3535 1364 3577 unam
1388 3533 1529 3577 marcam

268 3618 473 3680 denariorum
507 3619 602 3680 debet
632 3621 756 3682 solvere
787 3621 847 3702 ipsi
881 3622 988 3682 Petres
1023 3636 1054 3682 et
1084 3621 1180 3682 aliam
1216 3621 1438 3683 executoribus
1468 3635 1530 3682 ter·

268 3725 393 3785 minum
417 3743 518 3805 usque
543 3725 692 3788 eundem.

373 3828 451 3891 ltem
476 3828 616 3891 famulus
639 3830 762 3892 domini
788 3831 872 3893 Petri
888 3832 1073 3893 vulneratus
1097 3846 1211 3894 octavo
1228 3832 1280 3893 die
1304 3845 1413 3893 contra
1437 3831 1527 3911 joba·

267 3935 380 4015 giones
404 3934 442 3995 de
468 3935 630 3997 Kralouch
657 3956 713 3997 seu
739 3956 840 3998 unum
868 3957 905 3999 ex
922 3937 1041 3998 eisdem
1065 3958 1097 3998 se
1115 3937 1273 3999 secundus
1296 3937 1412 4018 jurabit
1439 3937 1529 4018 quod

267 4060 323 4122 per
348 4060 402 4102 eos
425 4040 478 4102 vel
502 4061 576 4102 eum
600 4040 695 4104 fuerit
717 4044 914 4122 vulneratus,
946 4057 978 4105 et
999 4044 1128 4105 tandem
1154 4043 1355 4105 considerato
1383 4043 1529 4120 vulnere,

267 4147 293 4209 si
318 4149 499 4208 membrum
523 4148 715 4209 inaridatum
741 4168 806 4210 non
830 4148 936 4227 luerit,
959 4150 1189 4211 determinacio
1212 4149 1266 4211 liet
1289 4149 1321 4210 in
1347 4168 1450 4212 causa.

373 4253 451 4313 ltem
476 4273 569 4315 causa
593 4254 722 4315 Martini
746 4253 802 4315 filii
829 4255 974 4316 Paladini
1000 4255 1109 4316 estad
1134 4255 1221 4316 diem
1244 4254 1440 4316 sedecimum
1457 4267 1531 4336 post

268 4356 383 4419 festum
409 4359 492 4421 beati
518 4359 682 4421 Michaelis
706 4359 888 4441 archangeli
917 4373 1125 4441 prororogata
1150 4361 1203 4437 ita,
1229 4361 1318 4441 quod
1342 4361 1374 4421 in
1400 4358 1527 4421 Jadram

267 4464 370 4524 littere
394 4483 489 4544 super
511 4464 579 4546 ipsa
604 4485 696 4526 causa
720 4465 897 4546 dirigentur
918 4479 949 4526 et
980 4466 1121 4543 tandem,
1152 4464 1260 4526 habita
1293 4465 1407 4526 exinde
1430 4484 1528 4547 super

267 4568 329 4630 hoc
352 4569 512 4631 relacione
536 4571 662 4649 literali,
687 4571 810 4632 iusticia
833 4571 1065 4632 terminabitur.

374 4673 451 4735 ltem
474 4675 518 4738 St.
535 4675 656 4758 juratus
680 4690 788 4738 contra
806 4675 974 4737 dominum
999 4676 1127 4738 Mikech
1145 4676 1304 4738 Francisci
1328 4676 1369 4738 ad
1385 4676 1529 4759 primum

267 4779 422 4862 judicium
446 4781 619 4844 terminum
644 4782 763 4863 recepit
787 4781 1012 4863 respondendi.
