3488 5250
574 352 663 411 Anno
685 348 776 428 1356.
801 385 845 395 —
867 347 918 411 18.
942 351 1111 410 novembris.
1441 348 1485 429 69

347 542 444 642 Ferfa
473 579 572 642 sexta
600 573 756 659 proxima
785 577 861 641 ante
889 570 1011 640 festum
1039 569 1135 640 beate
1162 566 1345 640 Elizabeth.

716 718 779 800 (18.
802 722 987 799 novembris).

325 883 434 945 Primo
459 882 677 964 principaliter
694 883 801 944 Petres
825 880 964 943 carnifex
988 894 1097 942 contra
1114 880 1244 942 Petrum
1262 879 1391 942 fratrem
1409 880 1484 942 Jaxe

217 990 322 1072 primo
350 989 463 1050 citatus
486 1007 551 1048 non
576 988 763 1068 comparuit.

327 1094 406 1155 Item
430 1093 650 1155 testImonium
683 1092 821 1155 Plauech
856 1106 967 1155 contra
1002 1090 1126 1172 Chegel
1161 1091 1406 1174 producendum
1438 1103 1485 1152 est

216 1212 430 1281 prorogatum
455 1198 495 1260 ad
520 1198 695 1260 adventum
720 1198 860 1262 Crizani.

325 1305 404 1366 Item
427 1304 637 1385 quIndecimo
668 1304 720 1366 die
754 1305 909 1387 presentis
940 1303 1050 1386 judicii
1081 1305 1191 1367 Maren
1215 1303 1416 1385 Wragouich
1438 1316 1484 1364 te-

218 1426 312 1473 netur
338 1412 463 1472 solvere
487 1411 602 1472 nutrici
627 1409 742 1490 judicis
766 1410 877 1472 LXIIII
903 1410 1063 1473 denarios.
1446 1495 1449 1500 .

217 1552 220 1557 >
328 1517 406 1577 Item
430 1514 572 1577 Radicha
598 1530 707 1577 contra
732 1535 865 1577 uxorem
890 1516 967 1577 Jake
996 1515 1136 1577 istrionis
1160 1517 1264 1598 prImo
1296 1517 1389 1579 citata
1418 1537 1483 1579 non

217 1623 412 1705 comparuit.

322 1728 402 1790 Item
427 1728 471 1792 St.
496 1727 592 1790 frater
617 1729 779 1790 Lourandi
805 1727 886 1791 infra
907 1729 1094 1812 quindecim
1118 1729 1186 1789 dies
1209 1741 1335 1790 tenetur
1357 1729 1481 1790 solvere

217 1834 319 1895 nobili
333 1834 402 1895 viro
420 1834 572 1915 magistro
590 1833 691 1895 Paulo
708 1834 844 1896 condam
858 1835 961 1896 tocius
974 1834 1147 1897 Sclauonie
1165 1834 1319 1895 vicebano
1333 1834 1388 1894 LV
1401 1832 1482 1913 flor„

217 1940 242 2000 si
267 1959 343 2000 vero
369 1941 542 2001 terminum
567 1940 733 2002 obmiserit
757 1940 788 2002 in
805 1940 973 2020 solvendo,
998 1955 1112 2002 extunc
1135 1940 1314 2002 secundum
1337 1940 1426 2021 quod
1451 1941 1483 2001 in
1529 2013 1532 2020 Ι

217 2044 329 2106 litteris
362 2045 445 2107 Petri
478 2045 593 2127 judicis
625 2046 818 2126 continetur,
841 2066 958 2128 penam
991 2046 1081 2128 dupli
1112 2046 1276 2107 soluturus
1307 2044 1485 2107 subiacebit

217 2151 287 2231 ipso
312 2149 408 2212 facto,

323 2256 401 2318 Item
427 2256 472 2318 St.
499 2257 663 2318 Lourandi
681 2270 789 2318 contra
806 2257 969 2318 Andream
987 2257 1186 2318 sacerdotem
1209 2255 1353 2318 secundo
1370 2257 1483 2318 citatus

217 2382 282 2422 non
316 2363 504 2443 comparuit.

323 2468 401 2530 Item
425 2485 539 2530 octavo
557 2469 609 2530 die
635 2469 677 2530 M.
695 2468 780 2530 filius
797 2468 911 2531 Hench
936 2483 1046 2530 contra
1063 2471 1174 2531 Maren
1198 2488 1294 2551 super
1318 2469 1483 2551 vituperiis

218 2592 273 2653 per
297 2574 324 2634 J.
350 2572 458 2635 Ordus
483 2587 513 2635 et
549 2575 729 2635 Johannem
764 2574 865 2636 filium
890 2579 1001 2657 Arney
1024 2589 1149 2637 tenetur
1180 2574 1347 2637 testificare
1372 2589 1403 2636 et
1425 2595 1483 2658 per

217 2678 381 2740 Donatum
407 2679 461 2760 qui
486 2679 517 2740 in
543 2680 594 2740 via
618 2680 750 2741 audivit.

322 2784 401 2846 Item
426 2784 577 2866 Dragona
602 2800 712 2846 contra
736 2786 850 2848 Zuizth
874 2787 979 2868 prImo
1004 2787 1118 2847 citatus
1142 2805 1207 2847 non
1231 2787 1419 2868 comparuit.

322 2890 400 2951 Item
425 2891 502 2953 Iuan
527 2890 630 2972 Galga
655 2906 765 2953 contra
790 2869 921 2954 Iuanam
946 2893 1050 2974 primo
1073 2893 1186 2954 citatus
1199 2912 1264 2954 non
1290 2893 1479 2975 comparuit.

322 2995 400 3057 Item
424 2997 537 3057 Zobko
562 3012 673 3059 contra
698 2997 808 3058 Maren
833 2996 1013 3059 carnificem
1038 2998 1143 3079 primo
1167 2999 1280 3060 citatus
1303 3017 1369 3059 non
1393 3017 1480 3059 cotn-

217 3101 330 3182 paruit.

323 3209 399 3269 Item
426 3209 624 3270 Laurencius
648 3207 786 3270 Vardich
818 3225 926 3271 contra
952 3210 978 3271 J.
1012 3208 1120 3271 Ordus
1148 3209 1254 3291 primo
1279 3210 1391 3271 citatus
1416 3229 1480 3270 non

217 3314 406 3394 comparuit.

321 3418 401 3480 Item
435 3419 543 3480 relicta
579 3420 706 3482 Mikech
738 3421 952 3483 Mekkocbren
992 3435 1101 3483 contra
1124 3441 1280 3502 generum
1314 3421 1479 3483 Pintikach

215 3525 320 3606 prImo
350 3525 444 3586 citata
468 3544 533 3586 non
556 3527 746 3608 comparuit.

323 3629 402 3691 Item
426 3630 569 3692 Pezdech
602 3644 712 3692 contra
734 3631 870 3692 Paulum
901 3632 1104 3713 vigilatorem
1135 3633 1239 3715 primo
1271 3633 1384 3694 citatus
1415 3652 1480 3694 non

216 3737 406 3816 comparuit.

322 3840 401 3901 Item
426 3841 465 3902 ad
491 3856 564 3903 octo
588 3842 656 3902 dies
681 3843 848 3903 Mortonoa
878 3843 1008 3903 sellator
1031 3856 1156 3905 tenetur
1187 3841 1367 3904 satisfacere
1391 3863 1478 3905 com-

216 3946 364 4006 munitati
390 3948 428 4007 de
453 3947 573 4026 judicio
597 3948 626 4008 II
651 3967 840 4026 marcarum,
865 3949 982 4029 quibus
1005 3949 1170 4011 convictus
1194 3963 1239 4010 est
1263 3962 1373 4010 contra
1397 3950 1479 4010 Kus-

215 4051 363 4130 siIonem‚
387 4073 483 4133 quam
501 4054 526 4114 si
544 4052 663 4131 fecerit,
681 4056 761 4115 bene
786 4053 929 4135 quidem,
947 4054 1092 4135 alinquin
1117 4054 1212 4135 judex
1236 4055 1276 4116 de
1302 4055 1395 4116 bonis
1411 4055 1477 4117 suis

212 4157 469 4222 satisfaccionem
493 4160 656 4241 inpendet.

322 4265 399 4326 Item
424 4264 569 4327 Thomas
594 4281 703 4328 contra
728 4266 771 4329 St.
801 4264 912 4327 Kuche
937 4267 1042 4348 primo
1066 4267 1179 4328 citatus
1206 4286 1271 4328 non
1289 4269 1477 4349 comparuit.

321 4370 399 4431 Item
420 4369 514 4432 Iuech
527 4370 612 4432 filius
630 4371 770 4432 Farkasii
795 4385 905 4432 contra
923 4370 1116 4453 Gregorium
1134 4371 1262 4434 fratrem
1280 4373 1355 4434 Jaxe
1372 4373 1476 4455 primo

216 4475 329 4536 citatus
353 4494 419 4536 non
444 4477 633 4558 comparuit.

321 4577 399 4643 Item
424 4582 550 4644 Marcus
575 4597 685 4643 contra
708 4585 818 4659 (deest).

322 4689 400 4750 Item
423 4704 529 4749 custos
553 4690 588 4752 Z.
613 4702 723 4750 contra
747 4687 922 4748 Martinum
947 4688 1127 4752 institorem
1151 4691 1256 4773 primo
1275 4692 1388 4754 citatus
1412 4710 1478 4753 non

216 4795 406 4875 comparuit.
