3488 5250
584 345 671 402 Anno
693 339 785 420 1362.
814 376 854 386 -
880 338 911 402 8.
936 341 1104 404 novembris.
1413 358 1473 419 243

317 556 395 617 Item
419 551 498 617 feria
521 553 633 634 quinta
650 552 768 614 Paulus
793 552 904 614 Smina
928 571 961 612 se
977 549 1136 613 secundus
1151 550 1278 632 jurabit,
1303 550 1391 632 quod
1409 549 1475 612 filia

210 681 267 723 sua
293 681 348 743 per
372 659 557 740 Dragonam
582 657 677 721 fuerit
701 672 874 721 cruentata.

318 766 397 827 Item
421 766 526 847 primo
549 763 670 845 judicio
696 763 739 826 St.
765 783 821 846 per
842 764 1021 826 iohannem
1047 777 1077 825 et
1102 762 1231 845 Endrey
1254 763 1476 825 testimonium

214 872 391 956 producere
415 871 521 949 debet,
545 870 635 952 quod
650 870 746 951 judex
771 871 906 933 imerius
927 889 1053 932 causam
1072 889 1162 930 suam
1188 868 1475 931 contraVrbanum

212 993 332 1040 motam
357 977 397 1039 ad
422 996 533 1059 pacem
557 976 754 1039 distullisset.

318 1083 397 1145 Item
422 1081 499 1144 feria
523 1083 619 1145 tercia
653 1082 761 1145 Petres
793 1095 902 1143 contra
928 1082 972 1144 St.
1007 1080 1145 1163 Saluych
1169 1100 1225 1162 per
1258 1081 1376 1163 Metey‚
1401 1080 1476 1142 Slek

214 1204 246 1251 et
269 1189 399 1271 Endrey
431 1188 649 1250 testimonium
681 1208 776 1270 super
808 1188 974 1270 vituperiis
1007 1201 1039 1248 et
1069 1187 1327 1249 comminacione
1358 1175 1474 1270 produ·

213 1315 284 1359 cere
308 1295 413 1358 debet.

318 1401 396 1464 item
422 1420 522 1482 usque
550 1414 699 1468 octavum
723 1399 810 1461 diem
838 1412 894 1461 aut
914 1399 1161 1461 Bartholomeus
1187 1399 1396 1461 stacionarius
1424 1399 1478 1460 det

214 1509 321 1570 literas
344 1506 472 1569 Andree
497 1506 637 1589 Philippi
661 1525 756 1588 super
777 1505 1017 1588 composicione
1035 1505 1075 1566 de
1099 1519 1182 1567 meta
1201 1503 1293 1584 facta,
1317 1517 1372 1566 aut
1387 1523 1476 1566 amo·

214 1627 286 1675 veat
309 1632 390 1695 opus
414 1626 444 1679 et
468 1613 552 1675 locet
576 1613 608 1674 in
633 1612 743 1675 debito
767 1612 851 1688 loco,
869 1612 1000 1693 ipseque
1024 1610 1169 1673 Andreas
1192 1611 1399 1673 medietatem
1424 1631 1478 1672 ex-

212 1739 383 1802 pensarum
408 1720 520 1781 solvet.

321 1825 398 1888 {tem
421 1824 505 1887 filius
529 1823 631 1886 Pethk
654 1843 755 1905 usque
781 1823 961 1905 quindenas
977 1823 1067 1884 XXX
1093 1822 1242 1884 denarios
1265 1837 1391 1885 tenetur
1414 1822 1477 1885 soi-

213 1950 288 1992 vere
311 1930 454 2012 predicto
478 1930 617 1992 Andree.

320 2036 396 2097 item
421 2036 495 2098 licet
519 2036 626 2118 Matey
651 2034 739 2097 faber
762 2034 860 2097 hodie
884 2049 992 2097 contra
1012 2035 1140 2096 Petrum
1166 2055 1260 2097 noser
1284 2036 1478 2117 respondere

213 2155 380 2225 promptus
402 2141 522 2216 fuisset,
546 2155 634 2204 actor
657 2161 722 2203 non
748 2141 845 2203 venit.

319 2248 399 2310 Item
437 2248 513 2310 iuan
555 2267 649 2330 preco
693 2247 837 2312 secundo
875 2248 989 2310 citatus
1027 2261 1138 2309 contra
1177 2246 1371 2329 Gregorium
1412 2268 1478 2310 non

213 2354 401 2435 comparuit.

319 2459 398 2520 Item
424 2460 498 2522 licet
521 2459 607 2522 filius
630 2460 729 2543 ipsius
753 2459 830 2521 Iuan
863 2478 985 2521 socram
1020 2459 1120 2542 ipsius
1152 2457 1300 2540 Gregorii
1325 2460 1478 2540 citaverit,

214 2579 320 2627 tamen
346 2567 458 2628 citator
482 2586 546 2629 non
570 2567 668 2628 venit.

240 2801 337 2875 Feria
366 2805 472 2874 tercia
499 2806 654 2892 proxima
684 2813 762 2875 ante
798 2805 920 2876 festum
949 2805 1039 2876 beati
1073 2806 1210 2876 Martini
1239 2805 1451 2877 confessoris.

717 2952 763 3032 (8.
787 2956 971 3029 novembris).

291 3091 293 3094 ’
320 3095 429 3157 Primo
460 3115 555 3157 causa
585 3115 648 3177 que
680 3096 814 3157 vertitur
845 3096 927 3157 inter
958 3096 1138 3158 iohannem
1167 3111 1198 3158 et
1229 3096 1336 3158 Petres
1368 3097 1478 3159 estad

214 3216 289 3263 octo
313 3201 381 3266 dies
404 3201 444 3262 ad
469 3221 581 3284 pacem
606 3198 788 3283 prorogatass

318 3308 397 3370 item
423 3321 537 3369 octavo
567 3306 619 3369 die
652 3307 817 3369 Jenzlinus
849 3326 905 3389 per
936 3307 1118 3388 judicissam
1144 3321 1174 3368 et
1207 3306 1344 3369 Jancech
1370 3322 1479 3370 contra

215 3432 348 3474 uxorem
372 3413 448 3474 Jurk
472 3432 567 3495 super
591 3413 778 3475 verberibus
802 3413 1023 3475 testimonium
1049 3412 1214 3495 producet.

320 3519 398 3581 Item
423 3519 617 3581 Benedictus
640 3519 770 3601 aellipar
786 3533 896 3581 contra
920 3519 1091 3580 Nicolaum
1107 3519 1251 3580 secundo
1276 3519 1390 3580 citatus
1414 3539 1479 3581 non

215 3625 405 3707 comparuit.

320 3731 398 3793 Item
424 3732 539 3813 Mykue
570 3743 679 3793 contra
713 3730 857 3793 Matheas
884 3731 924 3792 ad
957 3745 1031 3793 octo
1063 3730 1131 3792 dies
1162 3731 1281 3812 recepit
1304 3731 1478 3793 terminum

212 3837 254 3900 ad
277 3836 549 3919 respondendum.

321 3943 399 4004 Item
423 3955 537 4004 octavo
561 3943 613 4003 die
637 3943 748 4004 relicta
773 3943 938 4004 Benedicti
964 3957 1074 4004 contra
1099 3962 1232 4005 uxorem
1258 3942 1386 4004 Martini
1410 3962 1480 4005 mo·

213 4069 286 4111 enar
309 4067 365 4131 per
389 4068 522 4110 uxorem
546 4048 701 4111 iohannis
733 4062 765 4111 et
789 4048 965 4130 Georgium
998 4068 1092 4130 super
1123 4049 1289 4130 vituperiis
1312 4048 1479 4130 producet.

320 4155 398 4216 Item
423 4153 530 4215 Endre
555 4167 664 4216 contra
689 4154 807 4216 dictam
825 4174 956 4216 uxorem
976 4155 1105 4216 Martini
1129 4154 1271 4217 secundo
1285 4154 1398 4216 citatus
1414 4175 1480 4217 non

214 4260 404 4343 comparuit.

322 4365 399 4427 ltem
423 4384 516 4426 causa
540 4384 604 4446 que
627 4365 759 4427 vertitur
787 4366 870 4428 inter
892 4365 969 4427 Wlk
1002 4365 1292 4427 molendinatorem
1318 4380 1349 4426 et
1374 4364 1480 4426 Mikus

215 4470 324 4533 estad
349 4484 423 4532 octo
448 4469 516 4532 dies
540 4470 579 4531 ad
604 4489 715 4552 pacem
740 4485 922 4552 prorogata.

319 4577 399 4638 ltern
423 4589 536 4638 octavo
560 4575 612 4637 die
626 4576 737 4637 luanin
763 4595 859 4658 preco
883 4590 992 4638 contra
1010 4576 1147 4659 Mykecb
1171 4595 1228 4658 per
1251 4576 1328 4638 luen
1346 4576 1479 4657 boynik,

212 4702 368 4764 generum
393 4682 500 4744 relicte
519 4682 642 4764 Paulyn
662 4695 693 4742 et
717 4681 846 4743 Petrum
863 4701 958 4764 super
981 4682 1157 4764 vituperiis,
1187 4681 1308 4743 scilicet
1337 4680 1480 4762 appella*

214 4789 308 4850 cione
332 4787 393 4868 fur,
416 4788 637 4851 testimonium
662 4787 826 4869 producet.
1374 4873 1390 4905 ἦ
