3488 5250
608 333 695 391 Anno
718 329 808 409 1363.
832 365 875 375 -
898 345 949 408 23.
967 333 1061 406 junii.

320 542 397 605 Item
422 541 540 623 Braysa
565 556 673 604 contra
699 542 877 604 Johannem
902 540 942 602 ad
967 555 1040 601 octo
1068 539 1137 601 dies
1162 540 1281 621 recepit
1303 540 1477 602 terminum

213 649 254 710 ad
278 648 552 730 respondendum.

319 773 397 833 Item
422 785 536 833 octavo
561 771 612 833 die
636 756 800 833 iohannes
822 771 1031 833 stationarius
1047 789 1103 852 per
1127 769 1263 830 Paulum
1287 767 1427 847 judicem
1446 781 1478 830 et

212 877 318 940 Eliam
343 877 582 954 stacionarium,
602 860 744 939 ¹Jancech
767 875 964 938 aurifabrum
995 895 1092 957 super
1115 895 1166 954 eo,
1188 873 1276 956 quod
1308 892 1380 934 cum
1407 874 1477 953 qui·

213 984 350 1046 busdam
375 983 582 1044 straminibus
606 1001 680 1044 eum
705 981 745 1042 ad
776 980 891 1043 faciem
915 981 1128 1064 percussisset,
1159 979 1380 1042 testimouium
1404 997 1478 1060 pro·

212 1088 329 1151 ducere
354 1089 461 1150 debet.

319 1195 398 1256 Item
423 1214 518 1256 causa
541 1193 669 1254 Thome
695 1193 803 1273 magni
836 1206 944 1253 contra
976 1192 1146 1253 Vorricum
1179 1191 1288 1254 estad
1313 1205 1386 1253 octo
1410 1190 1479 1251 dies

214 1300 254 1362 ad
278 1319 390 1383 pacem
416 1312 597 1380 prorogata.

319 1406 397 1467 Item
432 1403 619 1466 Leonardus
650 1419 760 1465 contra
792 1404 961 1466 Nicolaum
994 1402 1034 1463 ad
1069 1417 1142 1463 octo
1175 1402 1243 1464 dies
1265 1401 1385 1482 recepit
1416 1414 1477 1462 ter-

212 1513 337 1573 minum
364 1509 590 1592 respondendi.

319 1619 397 1679 Item
421 1630 535 1678 octavo
560 1615 612 1677 die
629 1614 791 1676 Johannes
812 1635 910 1695 gener
928 1615 1053 1676 Menter
1068 1627 1176 1677 contra
1194 1613 1250 1674 Jus
1273 1631 1329 1693 per
1346 1609 1474 1673 Cusech

213 1721 410 1787 aurifabrum
434 1735 674 1804 procuratorem
692 1721 822 1781 domine
840 1719 989 1782 Caterine
1013 1719 1219 1802 productum,
1238 1717 1335 1780 debet
1358 1714 1478 1798 produ·

212 1849 282 1892 cere
307 1829 355 1907 jus
379 1828 403 1889 si
428 1826 518 1908 quod
534 1826 692 1904 babuerit,
716 1825 796 1886 alias
825 1825 949 1887 iusticia
966 1839 997 1887 et
1012 1825 1172 1908 possessio
1188 1822 1297 1885 eidem
1311 1835 1476 1885 statuetur.

321 1951 399 2012 ltem
424 1948 501 2011 feria
526 1949 622 2012 tercia
647 1963 779 2009 ventura
811 1948 957 2009 Donatus
989 1945 1145 2008 famulum
1168 1965 1263 2007 suurn
1296 1959 1406 2005 contra
1430 1941 1478 2022 ju·

213 2057 317 2119 dicem
343 2056 383 2116 ad
408 2055 565 2117 iusticiam
589 2067 726 2115 statuere
751 2053 929 2134 assumpsit.

319 2161 397 2221 Item
434 2160 540 2240 Matey
577 2159 681 2239 primo
715 2158 828 2218 citatus
863 2172 972 2218 contra
1008 2158 1137 2218 Petrum
1174 2153 1371 2216 Letouanich
1411 2169 1477 2214 non

213 2265 402 2346 comparuit.

319 2371 397 2430 ltem
430 2367 591 2429 Johannes
622 2364 717 2427 frater
748 2366 890 2445 magistri
915 2367 998 2428 Petri
1030 2369 1068 2428 de
1099 2366 1191 2429 Cheh
1223 2363 1393 2446 assumpsit
1417 2382 1478 2444 pro

212 2475 439 2555 jobagionibus
463 2473 527 2532 suis
551 2471 679 2533 Donato
704 2471 906 2551 respondere.

323 2597 400 2657 Item
426 2595 554 2670 Paulus,
579 2593 745 2653 Foztozou
769 2592 883 2672 dictus,
899 2595 931 2655 in
951 2596 1087 2657 crastino
1104 2610 1178 2657 ante
1194 2594 1365 2677 prandium
1383 2592 1481 2655 debet

215 2701 392 2784 producere
418 2699 648 2759 documentum
672 2717 728 2778 per
752 2697 919 2759 dominum
952 2700 1086 2762 Paulum
1119 2713 1286 2763 cantorem,
1306 2699 1479 2761 dominum

215 2824 321 2882 suum,
347 2823 412 2884 quo
444 2803 538 2863 titulo
562 2801 694 2882 quidam
730 2821 841 2883 equus,
876 2823 934 2885 pro
971 2825 1035 2886 quo
1070 2826 1155 2866 nunc
1192 2806 1274 2867 inter
1306 2805 1411 2886 ipsum
1449 2816 1480 2864 et

217 2909 380 2970 Thomam
406 2907 578 2968 litteratum
604 2907 734 2967 vertitur
757 2908 888 2969 materia
903 2911 1089 2990 questionis,
1113 2911 1151 2972 ad
1178 2912 1283 2993 ipsum
1307 2909 1479 2973 dominum

218 3028 381 3074 cantorem
407 3011 580 3087 devenerit,
597 3031 654 3072 seu
677 3030 742 3091 quo
759 3013 868 3093 vigore
886 3014 970 3076 idem
988 3015 1139 3077 dominus
1156 3029 1266 3078 cantor
1282 3032 1356 3077 eum
1373 3014 1482 3096 potuit

218 3115 363 3179 conferre
388 3115 446 3195 ipsi
474 3115 583 3191 Paulo,
608 3128 639 3175 et
669 3117 798 3176 tandem
830 3117 939 3180 habito
964 3120 1033 3201 ipso
1066 3121 1262 3183 documento
1287 3134 1401 3182 octavo
1427 3118 1481 3180 die

217 3221 381 3282 decidetur
405 3239 498 3279 causa
523 3220 604 3280 inter
628 3232 741 3300 partes.

260 3406 263 3412 Δ
323 3341 399 3401 Item
426 3358 526 3419 usque
551 3354 698 3402 octavum
723 3342 808 3403 diem
834 3343 991 3425 Georgius
1022 3347 1265 3409 archidiaconus
1290 3347 1329 3408 de
1355 3345 1481 3408 Varasd

216 3445 313 3506 debet
337 3444 468 3504 reddere
493 3444 653 3524 quendam
679 3448 795 3508 bovem
821 3448 954 3529 Symoni
979 3451 1128 3514 carnifici.

320 3547 399 3607 ltem
423 3547 462 3607 ad
487 3562 634 3608 octavum
651 3548 736 3610 diem
757 3551 938 3613 Anthonius
954 3555 1097 3636 Vydonis
1122 3557 1291 3618 dominum
1309 3555 1482 3639 Gerynum

114 3676 118 3683 ·
218 3651 366 3711 vitricum
391 3670 485 3711 suurn
509 3652 548 3710 ad
575 3653 621 3725 ius
645 3654 835 3734 productum
860 3660 1014 3736 evocabit,
1039 3674 1070 3721 et
1091 3662 1222 3723 tandem
1247 3663 1398 3744 probabit
1432 3682 1486 3725 ac·

217 3755 430 3834 quisicionem
453 3774 543 3814 suam
568 3776 622 3836 per
644 3759 864 3821 testimonium
896 3763 921 3822 si
947 3766 1071 3843 poterit.

326 3859 402 3918 Item
432 3873 545 3919 octavo
577 3860 627 3920 die
661 3862 806 3924 Matechk
831 3864 969 3927 famulus
1000 3869 1116 3930 Donati
1149 3885 1258 3933 contra
1291 3872 1486 3954 jobagiones

219 3960 375 4022 Johannis
398 3961 502 4023 fratris
519 3965 658 4043 magistri
683 3967 765 4028 Petri
783 3968 821 4028 de
846 3969 936 4030 Cheb
961 3971 1077 4050 jurabit
1093 3994 1125 4034 se
1142 3990 1259 4055 sextus,
1284 3979 1374 4058 quod
1394 3980 1486 4061 ipsos

219 4084 283 4126 non
309 4067 488 4127 verberavit
512 4088 569 4128 nec
594 4071 693 4130 eciam
719 4074 898 4151 potenciam
923 4077 967 4135 eis
992 4078 1098 4138 intulit
1122 4080 1308 4161 aliqualem,

326 4187 403 4247 ltem
427 4202 540 4248 octavo
565 4189 615 4249 die
640 4192 790 4253 Nicolaus
819 4195 942 4256 Kordar
966 4217 998 4258 se
1022 4200 1137 4260 tercius
1169 4218 1278 4265 contra
1311 4207 1487 4272 andream

221 4288 416 4351 frenatorem
447 4291 573 4370 jurabit,
604 4295 691 4374 quod
723 4316 796 4380 eum
829 4318 893 4359 non
926 4301 1134 4381 vituperavit;
1159 4321 1189 4366 et
1220 4311 1370 4388 quamvis
1395 4311 1487 4375 idem

220 4393 365 4453 Andreas
389 4414 520 4455 uxorem
544 4396 642 4477 ipsius
667 4400 790 4465 Nicolai
815 4401 854 4462 de
878 4405 1108 4483 supersticiosis
1125 4410 1312 4473 criminibus
1337 4414 1489 4478 incrimi·
1573 4464 1578 4470 -

221 4511 335 4574 nasset,
359 4513 465 4580 tamen
489 4501 521 4559 in
545 4501 659 4563 ultimo
684 4505 801 4564 bonam
826 4504 990 4567 dominam
1015 4528 1084 4569 eam
1108 4515 1294 4593 appellavit.

326 4619 402 4680 Item
437 4620 559 4702 Symon
590 4635 697 4702 gener
722 4604 996 4690 Stanech'contra
1028 4631 1210 4697 Martinum·
1233 4638 1334 4704 tercio
1354 4641 1491 4709 ,citatur

222 4739 287 4782 non
312 4725 499 4804 comparuit,
