3488 5250
659 338 861 420 Ann01362.
885 376 927 386 —
951 339 983 403 8.
999 345 1084 419 Jirlii.
1449 363 1506 405 aar

353 550 431 612 Item
455 552 530 613 Moz
561 565 670 613 contra
702 552 865 635 quendam
897 551 1077 614 carnificem
1110 551 1188 614 feria
1224 567 1310 615 sexta
1344 555 1439 616 debet
1464 575 1509 615 re-

246 655 414 737 spondere.

353 763 431 825 ltem
456 764 578 826 Obram
604 764 699 826 Zolar
716 778 826 827 contra
851 765 1031 827 iohannem
1054 765 1220 826 Laurencii
1239 765 1381 827 secundo
1398 765 1511 828 citatus

246 887 311 930 non
336 870 525 952 comparuit.

353 975 430 1036 Item
455 975 551 1037 luana
576 975 686 1038 filarlra
719 990 828 1039 contra
861 977 1095 1058 Margaretham
1124 975 1202 1039 feria
1234 991 1319 1040 sexta
1344 977 1440 1041 debet
1462 998 1510 1040 re·

246 1080 414 1162 spondere.

352 1187 431 1250 ltem
455 1187 532 1250 luan
558 1187 800 1250 Obramkouich
824 1202 934 1251 contra
950 1189 1027 1251 Wlk
1053 1190 1345 1253 molendinatorem
1367 1191 1510 1253 secundo

246 1292 359 1371 citatus
382 1313 445 1356 non
470 1295 659 1378 comparuit.

351 1400 430 1463 ltem
454 1401 600 1463 Thomas
622 1401 778 1463 litteratus
801 1415 910 1463 contra
948 1401 1113 1463 Thomam
1140 1402 1344 1485 gladiparum
1367 1400 1510 1463 secundo

246 1505 358 1568 citatus
382 1526 448 1568 non
476 1506 665 1590 comparuit.

352 1613 431 1674 ltem
455 1613 616 1676 lohannes
641 1612 680 1673 de
706 1611 828 1674 Dedich
854 1625 968 1674 octavo
1000 1613 1052 1675 die
1077 1627 1186 1675 contra
1211 1613 1416 1677 Cussilonem
1440 1634 1510 1696 pre·

246 1737 360 1780 conem
383 1739 416 1780 se
440 1719 556 1782 tercius
581 1719 676 1781 debet
699 1730 840 1800 prestare
863 1732 1109 1780 sacramentum.

247 1955 342 2043 Nota,
361 1954 447 2027 feria
475 1962 574 2028 sexta
592 1957 748 2044 proxima
767 1962 845 2028 ante
859 1953 982 2026 festum
1010 1954 1106 2027 beate
1125 1955 1337 2045 Margarelhe
1356 1957 1509 2046 virginis.

794 2122 838 2204 (8.
853 2127 952 2204 julia).

353 2287 460 2348 Primo
484 2286 622 2348 lacobus
655 2287 729 2348 Kun
761 2297 870 2346 contra
902 2284 1075 2346 Martinam
1111 2284 1235 2366 Reyniz
1260 2284 1365 2366 primo
1397 2284 1510 2348 citatus

246 2412 310 2454 non
336 2393 523 2475 comparuit.

351 2500 428 2561 ltem
453 2498 642 2560 Valentinus
666 2513 775 2560 contra
792 2498 948 2559 Jacobum
966 2495 1124 2558 Kuzmich
1149 2494 1290 2556 secundo
1308 2495 1420 2576 citatus
1442 2515 1508 2557 non

246 2617 434 2686 comparuit.

351 2710 428 2772 ltem
453 2729 545 2771 causa
570 2728 634 2791 que
657 2709 790 2770 vertitur
822 2709 903 2770 inter
934 2708 1013 2769 Wlk
1044 2707 1337 2769 molendinatorem
1368 2718 1399 2767 et
1431 2706 1507 2768 luan

246 2815 488 2877 Obramlrouich
512 2814 551 2876 ad
576 2827 649 2876 octo
674 2814 743 2876 dies
767 2827 814 2876 est
838 2814 878 2875 ad
903 2834 1014 2896 pacem
1039 2827 1220 2896 prorogata.

351 2939 429 3000 ltem
445 2938 549 3021 primo
564 2938 683 2999 iudicio
694 2937 847 2998 Nicolaus
861 2937 1073 2998 Zrebernicha
1087 2950 1195 2998 contra
1209 2936 1286 2997 luan
1300 2955 1356 3016 per
1373 2935 1507 2996 Paulum

246 3044 397 3125 judicem,
421 3042 523 3121 lilium
548 3043 665 3125 Angeli
698 3055 729 3106 et
761 3043 888 3105 Petrum
914 3043 1069 3104 Valterini
1100 3062 1196 3124 super
1227 3061 1277 3120 eo,
1302 3040 1390 3122 quod
1415 3061 1509 3102 causa

247 3152 324 3213 olim
350 3171 406 3233 per
432 3151 536 3233 ipsum
554 3150 629 3211 luan
644 3168 738 3231 super
754 3147 840 3211 facto
859 3149 971 3211 mortis
987 3148 1094 3210 uxoris
1110 3168 1165 3210 sue
1190 3161 1288 3227 mota,
1312 3147 1415 3228 sopita
1432 3147 1510 3207 exti-

248 3259 346 3336 tisset,
369 3256 588 3319 testimonium
612 3256 789 3338 producere
813 3254 917 3318 debet.

348 3382 427 3443 ltem
451 3380 560 3443 relicta
585 3377 775 3441 Lancholoti
805 3393 913 3441 contra
945 3378 1108 3440 Andream
1133 3375 1259 3439 fabrum
1283 3377 1389 3459 primo
1415 3376 1509 3439 citata

245 3507 310 3549 non
332 3487 522 3570 comparuit.

352 3593 430 3654 ltem
453 3592 558 3674 primo
590 3591 711 3653 iudicio
744 3590 861 3652 Paulus
891 3603 1001 3651 contra
1032 3590 1200 3652 Wlkotam
1233 3608 1288 3670 per
1313 3588 1430 3669 Matey‚
1455 3588 1508 3650 Jo-

244 3699 384 3761 hannem
409 3711 440 3760 et
463 3698 540 3759 luan
564 3716 659 3778 super
676 3696 860 3758 verberibus
884 3695 992 3758 uxoris
1004 3714 1060 3757 sue
1078 3709 1108 3757 et
1124 3694 1324 3776 effugatione
1348 3713 1403 3755 sua
1420 3693 1506 3755 testi·

246 3806 392 3868 monium
416 3803 593 3887 producere
618 3803 724 3866 debet.

350 3928 428 3990 ltem
453 3927 557 4009 primo
589 3926 709 3988 iudicio
741 3927 852 3988 Petrus
883 3925 1004 4006 juratus
1035 3938 1145 3987 contra
1171 3923 1350 4005 Georgium
1375 3921 1507 3984 Gianini

245 4055 301 4118 per
324 4032 465 4098 Cussech
490 4046 522 4094 et
545 4032 647 4094 filium
680 4030 797 4093 Cemer
825 4031 1046 4094 testimonium
1069 4049 1164 4112 super
1194 4028 1361 4111 vituperiis
1385 4027 1505 4110 produ-

246 4161 316 4203 cere
340 4140 445 4204 debet.

350 4247 428 4308 ltem
453 4265 526 4308 cum
543 4245 684 4328 Kyrinus
701 4246 799 4308 iudici
824 4245 863 4307 de
888 4243 1015 4306 iudiciis
1031 4240 1214 4320 satisfaciet,
1232 4260 1342 4302 causas
1355 4259 1428 4301 suas
1444 4257 1510 4300 non

245 4365 348 4416 motas
372 4352 486 4434 exequi
512 4352 628 4434 poterit
651 4365 760 4414 contra
786 4350 920 4413 Paulum
945 4349 1068 4411 iusticia
1092 4347 1254 4410 svadente.

349 4477 427 4539 ltem
459 4495 532 4538 cum
563 4475 745 4537 Anthonius
774 4475 909 4538 Vidonia
939 4472 1031 4552 alios,
1062 4486 1180 4533 terram
1211 4470 1355 4551 Lopatek
1388 4468 1507 4531 dictam

245 4584 454 4667 possidentes,
472 4581 681 4644 citacionibus
697 4580 871 4663 prehabitis
889 4578 930 4641 ad
945 4576 1220 4660 perhemptorium
1234 4574 1406 4636 terminum
1423 4593 1511 4634 com-

244 4691 371 4773 pulerit,
404 4689 561 4752 Martinus
596 4687 765 4770 Wlkouoy
800 4707 864 4749 non
900 4686 1013 4747 citatus
1049 4698 1158 4745 contra
1190 4701 1264 4743 eum
1296 4679 1427 4742 debebit
1463 4698 1510 4745 re·

243 4796 412 4879 spondere.
