3488 5250
240 316 305 396 '196
621 316 708 373 Anno
731 312 823 392 1360.
846 351 891 360 -
914 330 960 378 11.
984 317 1143 378 decembris.

347 527 425 589 Item
449 526 650 608 Margaretha
672 527 814 589 servitrix
849 525 996 607 Gregorii
1021 541 1131 589 contra
1163 527 1348 609 Draganum
1374 549 1505 611 carpen-

240 633 356 695 tarium
380 633 485 715 primo
509 632 603 697 citata
626 652 692 694 non
716 633 909 714 comparuit.

347 739 423 799 Item
449 739 622 801 Krauturm
646 751 756 800 contra
781 737 959 800 Francham
976 739 1081 821 primo
1105 739 1218 800 citatus
1232 758 1298 800 non
1316 742 1504 824 comparuit.

348 844 424 906 Item
449 863 543 906 causa
567 862 630 926 que
646 844 778 906 vertitur
802 827 884 906 iuter
900 844 1004 927 Eliam
1021 844 1251 906 stacionarium
1275 860 1306 908 et
1330 847 1505 909 Martinum

241 950 364 1033 Reyniz
388 970 444 1033 per
468 963 562 1011 testes
585 950 753 1012 ambarum
776 950 921 1032 parcium
945 950 985 1012 ad
1008 963 1081 1012 octo
1099 949 1166 1011 dies
1190 952 1250 1012 sub
1274 949 1377 1015 forma
1399 952 1505 1016 fiende

239 1056 326 1140 pacis
349 1071 396 1118 est
420 1069 600 1138 prorogata.

346 1163 425 1224 Item
449 1161 573 1223 Blasius
597 1162 797 1223 Bremennak
814 1175 924 1223 contra
949 1162 1125 1245 Symonem
1145 1162 1185 1223 ad
1203 1176 1277 1224 octo
1302 1163 1370 1226 dies
1387 1165 1506 1246 recepit

239 1269 412 1330 terminum
436 1268 476 1330 ad
500 1267 773 1350 respondendum.

347 1375 424 1436 Item
448 1393 542 1435 causa
573 1392 636 1454 que
667 1373 799 1434 vertitur
830 1373 912 1435 inter
943 1374 1156 1435 Laurencium
1191 1374 1332 1436 Vardich
1365 1389 1396 1437 et
1427 1376 1504 1437 Iuan

240 1479 379 1542 Piauech
403 1479 443 1541 ad
468 1494 540 1541 octo
566 1479 634 1542 dIes
658 1479 698 1540 ad
722 1499 832 1562 pacem
858 1494 905 1542 eat
926 1493 1106 1562 prorogata.

345 1587 424 1648 Item
440 1600 553 1647 octavo
578 1585 629 1646 die
647 1585 784 1647 MichaeI
802 1585 933 1667 Hudlep
950 1599 1059 1647 contra
1075 1605 1199 1648 socram
1216 1586 1357 1648 condam
1374 1587 1504 1649 Thome

239 1692 367 1754 sartoris
390 1691 492 1772 iurare
521 1690 616 1753 debet
638 1710 733 1773 super
750 1710 800 1769 eo,
822 1691 911 1772 quod
936 1691 1059 1753 nullam
1076 1691 1239 1754 maliciam
1260 1692 1352 1754 scirit
1370 1692 1403 1754 in
1421 1712 1502 1769 cera,

235 1791 338 1881 'quarn
362 1797 506 1861 vendidit
530 1796 647 1859 eidem.

344 1907 423 1968 Item
447 1906 557 1966 Petrus
581 1904 740 1965 Barbacus
764 1916 877 1965 octavo
901 1904 953 1965 die
985 1916 1094 1965 contra
1119 1903 1257 1986 Mykech
1290 1902 1394 1966 filium
1420 1905 1503 1966 Leu-

240 2012 331 2074 nardi
356 2012 502 2074 uniuersa
527 2009 595 2091 jura
619 2028 682 2090 que
707 2008 837 2071 habebit
859 2028 954 2091 super
970 2009 1112 2090 quodam
1136 2007 1239 2071 fundo
1265 2009 1347 2071 inter
1370 2029 1425 2071 eos
1441 2009 1503 2070 liti·

239 2118 330 2199 gioso
355 2116 503 2178 exhibere
528 2114 667 2177 debebit.
701 2121 704 2126 ’

282 2279 284 2284 .
346 2222 422 2283 Item
447 2222 587 2302 quedam
620 2219 734 2280 mulier
765 2219 875 2281 relicta
906 2219 1072 2281 cuiusdam
1103 2218 1184 2281 fabri
1219 2220 1371 2299 Prenarii,
1402 2221 1504 2283 Juana

239 2329 382 2407 nomine,
414 2342 528 2389 octavo
561 2326 613 2389 dIe
645 2339 754 2387 contra
785 2325 928 2387 relictam
960 2325 1097 2387 Koscich
1130 2340 1197 2388 met
1229 2328 1368 2389 secunda
1400 2327 1504 2409 jurare

239 2435 335 2497 debet
357 2453 452 2516 super
487 2452 538 2511 eo,
573 2431 661 2513 quod
696 2450 798 2512 usque
831 2431 997 2512 sanguinis
1027 2430 1217 2493 effusionem
1251 2435 1415 2495 verberata
1447 2454 1504 2516 per

240 2540 340 2622 ipsam
365 2539 527 2601 extitisset.

347 2646 425 2706 Item
449 2663 543 2705 causa
576 2663 639 2725 que
672 2642 803 2704 vertitur
834 2642 915 2703 inter
945 2641 1047 2704 fiIium
1080 2644 1238 2706 MartInus
1262 2644 1339 2706 Zedi
1363 2658 1394 2706 et
1424 2645 1503 2707 Dra·

237 2770 357 2833 gonam
380 2764 523 2812 sutorem
547 2748 587 2810 ad
612 2762 685 2810 octo
709 2748 777 2809 dies
800 2746 840 2808 ad
865 2767 977 2828 pacem
1001 2763 1048 2809 est
1071 2762 1253 2830 prorogata.

345 2857 423 2917 Item
446 2867 560 2916 octavo
585 2852 637 2915 die
662 2852 839 2934 Gregorius
854 2851 938 2915 filius
962 2852 1116 2916 Chuechk
1139 2867 1248 2917 contra
1272 2874 1396 2917 socram
1411 2875 1504 2917 suam

239 2985 272 3027 se
297 2963 455 3025 secundus
471 2979 566 3042 super
584 2960 768 3021 verberibus
784 2959 1003 3021 testimonium
1021 2962 1116 3023 debet
1132 2960 1319 3043 producere,
1343 2974 1375 3023 et
1390 2961 1503 3023 eadem

240 3070 355 3132 mulier
385 3066 529 3149 predicto
563 3064 614 3126 die
645 3084 702 3147 per
732 3066 863 3126 Markus
896 3065 1065 3146 Zequirich
1098 3081 1129 3128 et
1160 3065 1262 3127 filium
1286 3066 1439 3128 chheni
1464 3068 1503 3128 de

239 3188 402 3239 contractu
426 3172 510 3234 facto
535 3172 617 3234 inter
640 3190 695 3233 eos
718 3171 895 3253 producere
920 3172 1015 3234 debet
1036 3172 1269 3234 testImonium.

345 3281 424 3344 Item
448 3277 621 3357 Iohannes,
645 3277 769 3339 Blasiua
786 3290 817 3338 et
841 3277 957 3338 Mahna
975 3292 1084 3339 contra
1109 3277 1177 3340 Cus
1201 3278 1241 3339 ad
1266 3292 1339 3340 octo
1364 3278 1432 3339 dies
1455 3298 1503 3340 re·

239 3399 392 3471 ceperunt
412 3383 589 3447 terminum
612 3382 652 3445 ad
675 3382 948 3464 respondendum.

346 3494 424 3554 Item
447 3491 544 3552 tercia
568 3487 646 3551 feria
675 3508 760 3550 nunc
793 3501 926 3550 ventura
958 3488 1109 3550 dominus
1132 3489 1244 3550 Petrus
1276 3488 1360 3550 filius
1385 3489 1503 3570 Ligerii

240 3614 439 3663 contractum
464 3596 582 3658 factum
615 3595 696 3656 inter
727 3595 804 3655 iuan
836 3593 957 3656 dictum
989 3594 1140 3656 Cemmer
1171 3608 1201 3656 et
1230 3593 1332 3656 filium
1357 3595 1426 3656 eius
1449 3595 1503 3656 Jo-

238 3707 379 3768 hanuem
402 3715 528 3765 tenetur
550 3700 692 3762 recitare.

345 3812 423 3871 Item
447 3825 547 3889 usque
564 3805 744 3887 quindenas
767 3806 930 3868 Iohannes
945 3820 1047 3867 sartor
1069 3804 1122 3866 IIII
1142 3805 1278 3866 cubulos
1291 3806 1356 3867 viui
1373 3805 1502 3867 Andree

239 3917 309 3979 filio
333 3913 473 3995 Philippi
497 3924 623 3974 tenetur
646 3910 731 3974 dare.

342 4021 421 4082 Item
430 4019 533 4080 Draxe
543 4031 653 4079 contra
663 4017 837 4078 Martinam
849 4016 973 4099 Reyniz
986 4016 1091 4098 primo
1105 4017 1219 4078 citatus
1233 4018 1502 4099 nou'comparuit.

344 4126 422 4186 Item
439 4136 552 4184 octavo
578 4123 630 4183 die
647 4123 758 4183 Banko
775 4135 885 4184 contra
908 4122 1071 4183 Andream
1090 4121 1229 4203 Philippi
1248 4122 1279 4183 in
1302 4121 1389 4184 furtu
1407 4123 1502 4184 unius

238 4231 350 4294 floreni
376 4244 407 4292 et
429 4227 545 4289 XXIIII
571 4226 776 4289 denariorum
800 4226 980 4308 juramento
1012 4226 1174 4288 mediante
1212 4247 1246 4288 se
1269 4228 1385 4289 tercius
1408 4228 1504 4290 debet

237 4357 271 4399 se
295 4353 481 4417 expurgare.
1441 4402 1448 4413 ι

343 4441 420 4502 Item
438 4422 561 4520 'sponsa
585 4437 783 4499 Nedeikonis
808 4451 917 4499 contra
949 4439 1136 4501 Bankonem
1170 4439 1276 4522 primo
1308 4440 1402 4501 citata
1436 4460 1502 4501 non

238 4547 427 4628 comparuit.

345 4652 422 4715 Item
447 4652 556 4714 Paulis
586 4665 696 4714 contra
729 4649 865 4732 Mykech
896 4649 999 4712 filium
1023 4651 1123 4714 Pethk
1156 4652 1264 4735 primo
1287 4653 1400 4714 citatus
1433 4671 1500 4713 non

238 4758 427 4838 comparuit.
